[
  {
    "address": "Tauro g. 3",
    "location": [
      25.2732592,
      54.68421319999999
    ],
    "name": "Jammi (Tauro kalnas)",
    "rating": {
      "rating": 3,
      "score": 9
    },
    "short_description": "Greito maisto restoranas",
    "id": "jammi-tauro-kalnas",
    "tags": [
      "mėsainiai",
      "mėsainiai",
      "kebabai"
    ],
    "distance": "0.6 km",
    "duration": 8,
    "menu": [
      {
        "category": "Kebabai ir buritai",
        "items": [
          {
            "name": "Kebabas lavaše",
            "desc": "Agurkai, švieži / pekino kopūstai, lavašas, pomidorai, svogūnai, mėsa, padažas",
            "price": "€6.50"
          },
          {
            "name": "Kebabas lėkštėje",
            "desc": "Agurkai, pomidorai, svogūnai, fri bulvių lazdelės, mėsa, švieži / pekino kopūstai, padažas",
            "price": "€7.70"
          },
          {
            "name": "Buritas",
            "desc": "Gouda sūris, lavašas, pomidorai, švieži / pekino kopūstai, virtos pupelės, burito padažas, vištiena, padažas",
            "price": "€7.20"
          },
          {
            "name": "Kovotojo kebabas",
            "desc": "Agurkai, kopūstai, pomidorai, svogūnai, lavašas, mėsa, padažas",
            "price": "€12.80"
          },
          {
            "name": "Wrapas",
            "desc": "Su traškia vištiena arba krevetėmis pasirinktinai. Su krevetėmis: Lavašas, krevetės džiūvėsėliuose, raudonieji svogūnai, saulėje džiovinti pomidorai, švieži / pekino kopūstai, agurkai, citrusinis padažas Su vištiena: Lavašas, padažas, švieži / pekino kopūstai, traški vištiena, pekino kopūstas, marinuoti agurkai, pomidorai, raudonasis svogūnas",
            "price": "€7.70"
          }
        ]
      },
      {
        "category": "Vegetarų meniu",
        "items": [
          {
            "name": "Kebabas lavaše su falafeliais",
            "desc": "Marinuoti agurkai, lavašas, raudonieji svogūnai, pomidorai, falafeliai, citrusinis padažas",
            "price": "€6.50"
          },
          {
            "name": "Vegetariškas kebabas su sūriu",
            "desc": "Agurkai, švieži / pekino kopūstai, lavašas, svogūnai, pomidorai, padažas",
            "price": "€6.50"
          },
          {
            "name": "Nemėsainis",
            "desc": "Mėsainio bandelė, falafelio paplotėlis, čipotle (arba veganiškas) padažas, pomidorai, raudonieji svogūnai, salotos, marinuoti agurkai, citrusinis padažas",
            "price": "€6.50"
          },
          {
            "name": "Falafeliai su padažu ir daržovėmis",
            "desc": "Marinuoti agurkai, falafeliai, raudonieji svogūnai, pomidorai, švieži / pekino kopūstai, citrusinis padažas",
            "price": "€6.50"
          },
          {
            "name": "Vegetariškas Jammi sumuštinis",
            "desc": "Agurkai, salotos, pomidorai, raudonieji svogūnai, Jammi bandelė, sūris, padažas",
            "price": "€6.00"
          }
        ]
      },
      {
        "category": "Mėsainiai ir sumuštiniai",
        "items": [
          {
            "name": "Jammi sumuštinis su vištiena",
            "desc": "Agurkai, salotos, pomidorai, raudonieji svogūnai, Gouda sūris, Jammi bandelė, padažas",
            "price": "€6.00"
          },
          {
            "name": "Burgeris lavaše",
            "desc": "Lavašas, Angus brandintos jautienos paplotėlis, pomidorai, raudonieji svogūnai, pekino/švieži kopūstai, marinuoti agurkai, Gouda sūris, rūkyta šoninė, jalapenai",
            "price": "€11.50"
          },
          {
            "name": "Umami mėsainis",
            "desc": "Marinuoti agurkai, burgerio bandelė su sezamais, pomidorai, raudonieji svogūnai, rūkyta šoninė, Gouda sūris, salotos, Angus brandintos jautienos paplotėlis, BBQ padažas",
            "price": "€9.80"
          },
          {
            "name": "JamJam mėsainis",
            "desc": "Burgerio bandelė su sezamais, marinuoti agurkai, pomidorai, raudonieji svogūnai, Gouda sūris, jautienos mėsainio paplotėlis, BBQ padažas, salotos",
            "price": "€7.70"
          },
          {
            "name": "Traškios vištienos burgeris",
            "desc": "Traški vištiena, čipotle padažas, pomidorai, raudonieji svogūnai, salotos lapas, marinuoti agurkai",
            "price": "€7.70"
          }
        ]
      },
      {
        "category": "Gruzdinti patiekalai",
        "items": [
          {
            "name": "Vištienos ir bulvių rutuliukai",
            "desc": "Vištienos rutuliukai, bulvių kroketai",
            "price": "€6.50"
          },
          {
            "name": "Gruzdinti koldūnai su kiauliena",
            "desc": "",
            "price": "€3.70"
          },
          {
            "name": "Svogūnų žiedai",
            "desc": "",
            "price": "€3.70"
          },
          {
            "name": "Gruzdintos bulvytės",
            "desc": "",
            "price": "€2.30"
          },
          {
            "name": "Saldžios bulvytės",
            "desc": "",
            "price": "€5.30"
          }
        ]
      },
      {
        "category": "Kiti patiekalai",
        "items": [
          {
            "name": "Salotos",
            "desc": "Skrebučiai, raudonieji svogūnai, pomidorai, pekino/švieži kopūstai, agurkai, citrusinis padažas, papildomai galima pridėti pasirinktą mėsą arba sūrį",
            "price": "€4.70"
          },
          {
            "name": "Tako sriuba su traškučiais",
            "desc": "Sultinys, virtos pupelės, burito padažas, lavašo traškučiai, mėsa",
            "price": "€4.70"
          },
          {
            "name": "Kulverstukų sriuba",
            "desc": "Makaronų sriuba, mėsa",
            "price": "€4.10"
          },
          {
            "name": "Skanėstas",
            "desc": "Sveikas sėklų ir riešutų skanėstas su medumi. Alergenai: žemės riešutai, sezamų sėklos. Gali būti glitimo, kiaušinių, pieno, riešutų produktų",
            "price": "€2.50"
          }
        ]
      },
      {
        "category": "Padažai",
        "items": [
          {
            "name": "Aštrus padažas 🌶",
            "desc": "Aštrus majonezinio pagrindo padažas su prieskoninėmis žolelėmis ir aštriais pipirais",
            "price": "€0.90"
          },
          {
            "name": "Pikantiškas padažas",
            "desc": "Švelnus majonezinio pagrindo padažas su prieskoninėmis žolelėmis",
            "price": "€0.90"
          },
          {
            "name": "Česnakinis padažas",
            "desc": "Majonezinio pagrindo padažas su šviežiu česnaku ir prieskoninėmis žolelėmis",
            "price": "€0.90"
          },
          {
            "name": "Čipotle padažas",
            "desc": "Majonezinio pagrindo padažas su rūkytomis paprikomis",
            "price": "€0.90"
          },
          {
            "name": "Mišrus padažas",
            "desc": "Padažų mišinys: pikantiškas, česnakinis, aštrus",
            "price": "€0.90"
          },
          {
            "name": "Veganiškas padažas",
            "desc": "Saulėje džiovintų pomidorų, avinžirnių ir rytietiškų prieskonių veganiškas padažas",
            "price": "€0.90"
          }
        ]
      },
      {
        "category": "Gaivieji gėrimai",
        "items": [
          {
            "name": "Pepsi",
            "desc": "",
            "price": "€1.60\nExcl. €0.10 deposit"
          },
          {
            "name": "7UP",
            "desc": "",
            "price": "€1.60\nExcl. €0.10 deposit"
          },
          {
            "name": "Mirinda",
            "desc": "",
            "price": "€1.60\nExcl. €0.10 deposit"
          },
          {
            "name": "Gira Tauras 0,5 l",
            "desc": "",
            "price": "€2.00\nExcl. €0.10 deposit"
          },
          {
            "name": "Vanduo Norte 0,5 l",
            "desc": "",
            "price": "€1.50\nExcl. €0.10 deposit"
          },
          {
            "name": "Šalta arbata Lipton Peach 0,5 l",
            "desc": "",
            "price": "€2.00\nExcl. €0.10 deposit"
          },
          {
            "name": "Šalta arbata Lipton Lemon 0,5 l",
            "desc": "",
            "price": "€2.00\nExcl. €0.10 deposit"
          },
          {
            "name": "Heineken nealkoholinis alus 0,33 l",
            "desc": "",
            "price": "€3.50\nExcl. €0.10 deposit"
          },
          {
            "name": "Vilkmergės nealkoholinis alus 0,41 l",
            "desc": "",
            "price": "€3.50\nExcl. €0.10 deposit"
          }
        ]
      }
    ]
  },
  {
    "address": "Totorių g. 24",
    "location": [
      25.2827355,
      54.6837749
    ],
    "name": "Sushi Masters",
    "rating": {
      "rating": 4,
      "score": 9.2
    },
    "short_description": "Sushi masters - skonis, kuris nukels Jus arčiau Rytų",
    "id": "sushi-masters-vilniaus-g",
    "tags": [
      "sušiai",
      "japoniška",
      "azijietiška"
    ],
    "distance": "0.9 km",
    "duration": 12,
    "menu": [
      {
        "category": "Populiariausi patiekalai",
        "items": [
          {
            "name": "Sushi masters",
            "desc": "Lašiša, avokadas, tempura, namų padažas, teriyaki padažas, sezamas",
            "price": "€12.45"
          },
          {
            "name": "California",
            "desc": "Keptos tigrinės krevetės, avokadas, filadelfijos sūris, tobiko ikrai, sezamas",
            "price": "€10.95"
          },
          {
            "name": "Shrimp tempura",
            "desc": "Keptos tigrinės krevetės, naminis padažas, teriyaki padažas, sezamas",
            "price": "€11.95"
          },
          {
            "name": "Shrimp tempura salad",
            "desc": "Keptos tigrinės krevetės, aštrus padažas, teriyaki padažas, jūros dumblių salotos, avokadas, ridikas, tobiko ikrai, upėtakio ikrai, sezamas",
            "price": "€14.45"
          },
          {
            "name": "Tempura special",
            "desc": "Keptos tigrinės krevetės, avokadas, agurkas, namų padažas, teriyaki padažas, upėtakio ikrai, sezamas",
            "price": "€13.45"
          }
        ]
      },
      {
        "category": "Naujienos",
        "items": [
          {
            "name": "Spicy noodles soup",
            "desc": "Lašiša, krevetės, udon makaronai, žuvies pagrindo sultinys, svogūnų laiškai",
            "price": "€9.95"
          },
          {
            "name": "Tempura salmon bowl",
            "desc": "Lašišos filė tempuroje, ryžiai, sezamas, aštrus padažas, teriyaki, salotų mixas su saldžiarūgščiu padažu",
            "price": "€13.95"
          }
        ]
      },
      {
        "category": "Užkandžiai",
        "items": [
          {
            "name": "Edamame with salt",
            "desc": "Virtos nelukštentos sojos pupelės su druska",
            "price": "€5.45"
          },
          {
            "name": "Wakame salad",
            "desc": "Jūros dumblių salotos, sezamas",
            "price": "€5.45"
          },
          {
            "name": "Spicy edamame 🌶",
            "desc": "Virtos nelukštentos sojos pupelės su aštriu padažu",
            "price": "€5.95"
          },
          {
            "name": "Miso soup",
            "desc": "Rūkytos žuvies sultinio miso sriuba su udon makaronais",
            "price": "€6.95"
          },
          {
            "name": "Shrimp tempura salad",
            "desc": "Keptos tigrinės krevetės, aštrus padažas, teriyaki padažas, jūros dumblių salotos, avokadas, ridikas, tobiko ikrai, upėtakio ikrai, sezamas",
            "price": "€14.45"
          },
          {
            "name": "Shrimp tempura",
            "desc": "Keptos tigrinės krevetės, naminis padažas, teriyaki padažas, sezamas",
            "price": "€11.95"
          }
        ]
      },
      {
        "category": "Specials",
        "items": [
          {
            "name": "Royal tuna",
            "desc": "Kapotas geltonpelekis tunas, keptos tigrinės krevetės, agurkas, namų padažas, aštrus padažas, svogūnų laiškai, sezamas",
            "price": "€13.45"
          },
          {
            "name": "Royal salmon",
            "desc": "Kapota lašiša, keptos tigrinės krevetės, agurkas, namų padažas, aštrus padažas, svogūnų laiškai, sezamas",
            "price": "€12.95"
          },
          {
            "name": "Royal hotate",
            "desc": "Kapotos jūrų šukutės, agurkas, svogūnų laiškai, keptos tigrinės krevetės, namų padažas, aštrus padažas, sezamas",
            "price": "€13.45"
          },
          {
            "name": "Royal hamachi",
            "desc": "Kapota japoninė seriolė, agurkas, keptos tigrinės krevetės, namų padažas, aštrus padažas, svogūnų laiškai, sezamas",
            "price": "€14.45"
          },
          {
            "name": "Crispy tuna",
            "desc": "Geltonpelekis tunas, avokadas, namų padažas, svogūnų laiškai, aštrus padažas, tempura",
            "price": "€13.45"
          },
          {
            "name": "Sushi masters",
            "desc": "Lašiša, avokadas, tempura, namų padažas, teriyaki padažas, sezamas",
            "price": "€12.45"
          },
          {
            "name": "Tempura special",
            "desc": "Keptos tigrinės krevetės, avokadas, agurkas, namų padažas, teriyaki padažas, upėtakio ikrai, sezamas",
            "price": "€13.45"
          },
          {
            "name": "Salmon special",
            "desc": "Lašiša, upėtakio ikrai, avokadas, agurkas, namų padažas, sezamas",
            "price": "€12.45"
          },
          {
            "name": "Hamachi special",
            "desc": "Japoninė seriolė, smidrai, tempura, tobiko ikrai, aštrus padažas, svogūnų laiškai, sezamas",
            "price": "€14.45"
          },
          {
            "name": "Softshell crab special",
            "desc": "Minkštakiautis krabas, avokadas, agurkas, teriyaki padažas, namų padažas, upėtakio ikrai, sezamas",
            "price": "€14.45"
          },
          {
            "name": "Green dragon",
            "desc": "Keptas ungurys, keptos tigrinės krevetės, agurkas, avokadas, teriyaki padažas, sezamas",
            "price": "€13.45"
          },
          {
            "name": "Dragon roll",
            "desc": "Keptas ungurys, avokadas, keptos tigrinės krevetės, teriyaki padažas, namų padažas, sezamas",
            "price": "€14.95"
          },
          {
            "name": "Flame salmon roll",
            "desc": "Keptos tigrinės krevetės, namų padažas, deginta lašiša, tobiko ikrai, svogūnų laiškai",
            "price": "€13.95"
          },
          {
            "name": "Philadelphia special",
            "desc": "Filadelfijos sūris, agurkas, avokadas, svogūnų laiškai, deginta lašiša, teriyaki padažas, mango padažas",
            "price": "€12.45"
          },
          {
            "name": "Tuna Special",
            "desc": "Geltonpelekis tunas, avokadas, tempura, aštrus padažas, svogūnų laiškai, kimche sezamas, wasabi, upėtakio ikrai.",
            "price": "€13.95"
          }
        ]
      },
      {
        "category": "Ura maki",
        "items": [
          {
            "name": "California",
            "desc": "Keptos tigrinės krevetės, avokadas, filadelfijos sūris, tobiko ikrai, sezamas",
            "price": "€10.95"
          },
          {
            "name": "Philadelphia",
            "desc": "Lašiša, avokadas, filadelfia sūris, sezamas",
            "price": "€10.45"
          },
          {
            "name": "Tuna ura maki",
            "desc": "Geltonpelekis tunas, svogūnų laiškai, sezamas",
            "price": "€13.45"
          },
          {
            "name": "Spicy tuna",
            "desc": "Geltonpelekis tunas, aštrus padažas, avokadas, svogūnų laiškai, sezamas",
            "price": "€12.95"
          },
          {
            "name": "Sake tempura",
            "desc": "Lašiša, avokadas, tempura, namų padažas, sezamas",
            "price": "€10.45"
          },
          {
            "name": "Spicy hotate avocado",
            "desc": "Jūros šukutės, avokadas, aštrus padažas, upėtakio ikrai, sezamas",
            "price": "€13.45"
          },
          {
            "name": "Ura maki bluefin tuna (8 vnt.)",
            "desc": "Mėlynpelekis tunas, svogūnų laiškai, agurkas, aštrus padažas, kimche sezamas",
            "price": "€13.95"
          },
          {
            "name": "Spicy hamachi avocado",
            "desc": "Japonine seriolė, avokadas, aštrus padažas, sezamas",
            "price": "€13.95"
          }
        ]
      },
      {
        "category": "Futo maki",
        "items": [
          {
            "name": "Futo spicy tempura",
            "desc": "Keptos tigrinės krevetės, avokadas, agurkas, namų padažas, teriyaki padažas, sezamas",
            "price": "€10.95"
          },
          {
            "name": "Futo signature",
            "desc": "Keptos tigrinės krevetės, avokadas, agurkas, namų padažas, sezamas, tobiko ikrai",
            "price": "€11.45"
          }
        ]
      },
      {
        "category": "Vegetariški",
        "items": [
          {
            "name": "Vegetarian special",
            "desc": "Agurkas, jūros dumblių salotos, Filadelfijos sūris, avokadas, teriyaki padažas, sezamas",
            "price": "€9.95"
          },
          {
            "name": "Futo vegetarian (6 vnt.)",
            "desc": "Aštrus padažas, sezamas, smidrai, agurkas, avokadas, svogūnų laiškai, tempura",
            "price": "€9.45"
          }
        ]
      },
      {
        "category": "Hot roll",
        "items": [
          {
            "name": "Hot roll futo salmon",
            "desc": "Lašiša, avokadas, agurkas, namų padažas, teriyaki padažas, sezamas",
            "price": "€10.95"
          },
          {
            "name": "Hot roll futo eel",
            "desc": "Keptas ungurys, kepta tigrinė krevetė, avokadas, agurkas, namų padažas, teriyaki padažas, sezamas",
            "price": "€12.45"
          },
          {
            "name": "Hot roll ura special",
            "desc": "Lašiša, tunas, avokadas, svogūnų laiškai, namų padažas, teriyaki padažas",
            "price": "€14.45"
          },
          {
            "name": "Hot roll futo soft-shell crab",
            "desc": "Minkštakiautis krabas, avokadas, agurkas, namų padažas, teriyaki padažas, sezamas, tobiko ikrai, svogūnų laiškai",
            "price": "€13.95"
          }
        ]
      },
      {
        "category": "Rinkiniai",
        "items": [
          {
            "name": "Set 1",
            "desc": "6 vnt. Futo maki (lašiša, kepta tigrinė krevetė, aštrus padažas, agurkas, avokadas, sezamas), 2 vnt. Salmon nigiri, 2 vnt. Salmon sashimi",
            "price": "€19.95"
          },
          {
            "name": "Set 2",
            "desc": "4 vnt. Ura maki spicy salmon avocado (lašiša, aštrus padažas, svogūnų laiškai, avokadas, sezamas), 4 vnt. Ura maki spicy tuna avocado (tunas, aštrus padažas, svogūnų laiškai, avokadas, sezamas), 3 vnt. Salmon nigiri, 2 vnt. Tempura shrimp",
            "price": "€22.95"
          },
          {
            "name": "Set 3",
            "desc": "6 vnt. Hotroll futo salmon (lašiša, avokadas, agurkas, namų padažas, teriyaki padažas, sezamas), 8 vnt. Ura spicy tempura (keptos tigrinės krevetės, agurkas, aštrus padažas, tobiko ikrai, sezamas), 2 vnt. Degintos lašišos nigiri",
            "price": "€27.95"
          }
        ]
      },
      {
        "category": "Poke",
        "items": [
          {
            "name": "Tuna poke",
            "desc": "Tunas, sushi ryžiai, avokadas, aštrus padažas, ponzu žele, nori, sezamas",
            "price": "€14.95\n(1 pc, €14.50/pc)"
          },
          {
            "name": "Salmon poke",
            "desc": "Lašiša, sushi ryžiai, avokadas, aštrus padažas, ponzu žele, nori, sezamas",
            "price": "€13.95\n(1 pc, €13.50/pc)"
          },
          {
            "name": "Tempura salmon bowl",
            "desc": "Lašiša, tempura, ryžiai, sezamas, aštrus padažas, teriyaki padažas, salotų mix, saldžiarūgštis padažas",
            "price": "€13.95"
          }
        ]
      },
      {
        "category": "Sashimi",
        "items": [
          {
            "name": "Hotate sashimi",
            "desc": "Jūrų šukutės, jūros dumblių salotos, ridikas, upėtakio ikrai",
            "price": "€12.95"
          },
          {
            "name": "Hamachi sashimi",
            "desc": "Japoninė seriolė, upėtakio ikrai, jūros dumblių salotos, ridikas",
            "price": "€13.95"
          },
          {
            "name": "Tuna sashimi",
            "desc": "Geltonpelekis tunas, jūros dumblių salotos, ridikas, upėtakio ikrai, brandinta soja",
            "price": "€12.95"
          },
          {
            "name": "Salmon sashimi",
            "desc": "Lašiša, upėtakio ikrai, jūros dumblių salotos, ridikas",
            "price": "€10.45"
          }
        ]
      },
      {
        "category": "Nigiri",
        "items": [
          {
            "name": "Salmon nigiri (2 vnt.)",
            "desc": "Lašiša, wasabi, sushi ryžiai",
            "price": "€8.45"
          },
          {
            "name": "Tuna nigiri (2 vnt.)",
            "desc": "Tunas, wasabi, sushi ryžiai",
            "price": "€9.45"
          },
          {
            "name": "Hotate nigiri (2 vnt.)",
            "desc": "Jūrų šukutės, wasabi, sushi ryžiai",
            "price": "€9.45"
          },
          {
            "name": "Hamachi nigiri (2 vnt.)",
            "desc": "Japoninė seriolė, wasabi, sushi ryžiai",
            "price": "€10.45"
          },
          {
            "name": "Bluefin tuna nigiri (2 vnt.)",
            "desc": "",
            "price": "€10.45"
          },
          {
            "name": "Bluefin Tuna Chutoro (2 vnt.)",
            "desc": "Mėlynpelekio tuno vidutiniškai riebi dalis.",
            "price": "€11.45"
          }
        ]
      },
      {
        "category": "Gėrimai",
        "items": [
          {
            "name": "Franklin & Sons Indian Tonic 0,2 l",
            "desc": "",
            "price": "€4.00"
          },
          {
            "name": "Franklin & Sons Ginger beer 0,2 l",
            "desc": "",
            "price": "€4.00"
          },
          {
            "name": "Franklin & Sons Elderflower with cucumber tonic 0,2 l",
            "desc": "",
            "price": "€4.00"
          },
          {
            "name": "Franklin & Sons Raspberry 0,275 l",
            "desc": "",
            "price": "€4.50"
          },
          {
            "name": "Franklin & Sons Lemon & Elderflower 0,275 l",
            "desc": "",
            "price": "€4.50"
          },
          {
            "name": "Pepsi 0,2 l",
            "desc": "",
            "price": "€2.50"
          },
          {
            "name": "Mirinda 0,2 l",
            "desc": "",
            "price": "€2.50"
          },
          {
            "name": "7Up 0,2 l",
            "desc": "",
            "price": "€2.50"
          },
          {
            "name": "Akvilė negazuotas vanduo 0,7 l",
            "desc": "",
            "price": "€4.00"
          },
          {
            "name": "Akvilė gazuotas 0,7 l",
            "desc": "",
            "price": "€4.00"
          },
          {
            "name": "Perrier 0,75 l",
            "desc": "",
            "price": "€5.00"
          },
          {
            "name": "Nealkoholinis alus Kalifornikacija APA 0,5 l",
            "desc": "",
            "price": "€4.50"
          },
          {
            "name": "Matchbata 0,33 l",
            "desc": "Gaivusis gazuotas gėrimas su matchbata arbata. Tai japoniškas maltos arbatos matchos ir obuolių, citrinų, žaliųjų citrinų derinys. Be pridėtinio cukraus ir konservantų",
            "price": "€5.00"
          },
          {
            "name": "Icebata 0,33 l",
            "desc": "Gaivusis gazuotas jazminų, žaliųjų citrinų, mėtos ir agurkų arbatos gėrimas",
            "price": "€5.00"
          },
          {
            "name": "RAUCH sultys 0,2 l",
            "desc": "",
            "price": "€3.00"
          },
          {
            "name": "CHOYA Yuzu Soda 0.35 l",
            "desc": "Gazuotas Choya Yuzu Soda nealkoholinis gaivusis gėrimas su natūraliais ingredientais",
            "price": "€5.00"
          },
          {
            "name": "Choya Ume Soda 0.35 l",
            "desc": "Gazuotas Choya Ume Soda nealkoholinis gaivusis gėrimas su natūraliais ingredientais.",
            "price": "€5.00"
          }
        ]
      }
    ]
  },
  {
    "address": "Algirdo g. 5 -2",
    "location": [
      25.269665122032166,
      54.68070674301559
    ],
    "name": "Borsch",
    "rating": {
      "rating": 4,
      "score": 9.2
    },
    "short_description": "Ukrainietiška virtuvė || Šis restoranas priklauso ir jį valdo UAB Ukrainietiški patiekalai, kuris yra atsakinga už parduodamas prekes. Visą informaciją apie parduodamus produktus pateikia pardavėjas\n",
    "id": "borsch",
    "tags": [
      "sriubos",
      "koldūnai"
    ],
    "distance": "0.5 km",
    "duration": 8,
    "menu": [
      {
        "category": "Wolt Specials",
        "items": [
          {
            "name": "Ukrainietiški barščiai + ukrainietiškų virtinių asorti",
            "desc": "Ukrainietiški barščiai su mielinėmis bandelėmis + Mūsų gamybos ukrainietiškų virtinių asorti (su mėsa, bulvėmis ir spirgučiais, kopūstais ir baravykais), patiekiamas su spirgučiais ir grietine",
            "price": "€12.29\n15.79"
          }
        ]
      },
      {
        "category": "Įrankiai 🍴",
        "items": [
          {
            "name": "Vienkartiniai įrankiai",
            "desc": "",
            "price": "€0.20"
          }
        ]
      },
      {
        "category": "Koldūnai ir virtiniai",
        "items": [
          {
            "name": "Koldūnai su bulvių ir spirgučių įdaru, grietinės ir spirgučių padažu",
            "desc": "Koldūnai su bulvių ir spirgučių įdaru, grietinės ir spirgučių padažu",
            "price": "€9.80"
          },
          {
            "name": "Koldūnai su antiena, spanguolių džemu ir karamelizuotais lazdynų riešutais",
            "desc": "",
            "price": "€10.30"
          },
          {
            "name": "Koldūnai su mėsa",
            "desc": "Koldūnai su kiaulienos- jautienos faršu, patiekiama su grietine ir actu su žaluma",
            "price": "€10.30"
          },
          {
            "name": "Koldūnai su vištų kepenėlių įdaru ir miško grybų padažu",
            "desc": "",
            "price": "€10.30"
          },
          {
            "name": "Koldūnai su kopūstų ir baravykų įdaru, spirgučių padaže",
            "desc": "",
            "price": "€10.30"
          },
          {
            "name": "Koldūnai su varškės ir špinatų įdaru, pelėsinio sūrio padaže",
            "desc": "",
            "price": "€9.80"
          },
          {
            "name": "Koldūnai su vyšnių įdaru, saldžios grietinės padaže",
            "desc": "",
            "price": "€9.80"
          }
        ]
      },
      {
        "category": "Bulviniai blynai",
        "items": [
          {
            "name": "Bulviniai su miško grybų arba grietinės padažu",
            "desc": "",
            "price": "€11.30"
          },
          {
            "name": "Bulviniai su silkėmis",
            "desc": "",
            "price": "€12.30"
          },
          {
            "name": "Bulviniai su sūdytomis lašišomis, vyšniniais pomidorais ir varškės bei agurkų pa",
            "desc": "",
            "price": "€13.30"
          }
        ]
      },
      {
        "category": "Lietiniai ir blynai",
        "items": [
          {
            "name": "Lietiniai su jautiena ir sviesto - grietinės padažu",
            "desc": "Lietiniai su jautiena ir sviesto - grietinės padažu",
            "price": "€10.30"
          },
          {
            "name": "Lietiniai su varške, trintu aviečių padažu, grietine ir šviežiomis uogomis",
            "desc": "",
            "price": "€9.30"
          }
        ]
      },
      {
        "category": "Pagrindiniai patiekalai",
        "items": [
          {
            "name": "Kijevo kotletukai",
            "desc": "Kijevo kotletukai su bulvių pudingu ir šviežių daržovių salotomis",
            "price": "€16.30"
          },
          {
            "name": "Tabakinis viščiukas su marinuotomis daržovėmis ir česnakiniu padažu",
            "desc": "",
            "price": "€16.30"
          },
          {
            "name": "Žąsies kulšelė",
            "desc": "Su bulvių pudingu ir burokėlių bei graikinių riešutų salotomis",
            "price": "€18.30"
          },
          {
            "name": "Kiaulienos išpjovos kepsnys su kelmučiais",
            "desc": "Su kepsnių padažu, keptų bulvių griežinėliais ir salotomis",
            "price": "€17.30"
          },
          {
            "name": "Dorado žuvis su daržovėmis",
            "desc": "Dorado su šviežiomis daržovėmis arba keptomis pasirinktinai",
            "price": "€19.30"
          },
          {
            "name": "Naminės dešrelės su kepintomis bulvėmis, šonine ir daržovėmis",
            "desc": "Naminės dešrelės su kepintomis bulvėmis, šonine ir daržovėmis marinuotomis arba šviežiomis pasirinktinai",
            "price": "€15.30"
          },
          {
            "name": "Vištienos filė kepsnys įdarytas \"Feta\" sūriu ir šviežiais špinatais",
            "desc": "Vištienos filė kepsnys įdarytas \"Feta\" sūriu ir šviežiais špinatais, patiekiamas su džiovintų pomidorų padažu, bulvių pudingu, pagardintu juodųjų alyvuogių dulksna ir šviežių daržovių salotomis",
            "price": "€18.30"
          },
          {
            "name": "Užkepta cukinija su perlinių kuskusu, daržovėmis ir Tofu sūrio įdaru",
            "desc": "Užkepta cukinija su perliniu kuskusu, daržovėmis, \"Tofu\" sūrio įdaru ir sojos - balzamiko padažu",
            "price": "€14.30"
          },
          {
            "name": "Antienos filė kepsnys su raudono vyno - spanguolių padažu",
            "desc": "Antienos filė kepsnys su raudono vyno - spanguolių padažu, bulvių - saulėgrąžų pudingas, pagardintas sūriu ir rukolos bei džiovintų pomidorų salotomis",
            "price": "€20.30"
          },
          {
            "name": "Lašišos filė kepsnys su perliniu kuskusu ir citrusiniu padažu",
            "desc": "Lašišos filė kepsnys su perliniu kuskusu, pagardintu keptomis daržovėmis, citrusiniu padažu ir šviežių daržovių salotomis",
            "price": "€20.30"
          }
        ]
      },
      {
        "category": "Garnyrai",
        "items": [
          {
            "name": "Bulvytės fri",
            "desc": "",
            "price": "€5.80"
          }
        ]
      },
      {
        "category": "Šaltieji ir karštieji užkandžiai",
        "items": [
          {
            "name": "Olivjė salotos su vėžių uodegėlėmis ir sūdytomis lašišomis",
            "desc": "",
            "price": "€10.30"
          },
          {
            "name": "Olivjė salotos su virta jautiena",
            "desc": "",
            "price": "€9.30"
          },
          {
            "name": "Silkė su virtomis - apkeptomis bulvėmis, marinuotais svogūnais ir grietine",
            "desc": "",
            "price": "€9.30"
          },
          {
            "name": "Šviežių ir marinuotų daržovių asorti",
            "desc": "",
            "price": "€8.30"
          },
          {
            "name": "Kepinta duona su švelniu sūrio padažu",
            "desc": "",
            "price": "€7.30"
          },
          {
            "name": "Rinkinys prie alaus",
            "desc": "Kepta duona, rūkytos ausytės, vytintos dešrelės, fermentinis sūris, medžiotojų sūris su česnakiniu padažu",
            "price": "€15.30"
          },
          {
            "name": "Silkė pataluose",
            "desc": "Silkė pataluose",
            "price": "€9.30"
          },
          {
            "name": "Įvairios salotos su kepta antiena, avokadu ir granatais",
            "desc": "",
            "price": "€11.30"
          },
          {
            "name": "Šviežių daržovių salotos su ukrainietišku vyno padažu",
            "desc": "Įvairios salotos su mėlynuoju pelėsiniu sūriu, karamelizuotomis kriaušėmis, graikiniais riešutais ir klevų sirupo padažu",
            "price": "€9.30"
          },
          {
            "name": "Marinuotų burokėlių karpačio su fetos sūriu",
            "desc": "Marinuotų burokėlių karpačio su fetos sūriu, karamelizuotais obuoliais, skrudintais graikiniais riešutais ir obuolių sulčių padažu",
            "price": "€10.30"
          }
        ]
      },
      {
        "category": "Lašiniai",
        "items": [
          {
            "name": "Lašinių asorti",
            "desc": "",
            "price": "€12.80"
          }
        ]
      },
      {
        "category": "Sriubos",
        "items": [
          {
            "name": "Mielinės bandelės (pampuškos)",
            "desc": "",
            "price": "€0.40"
          },
          {
            "name": "Ukrainietiški barščiai su mielinėmis bandelėmis",
            "desc": "Ukrainietiški barščiai su jautiena ir baravykais, atskirai pateikiama grietinė, česnakinis padažas ir mielinės bandelės",
            "price": "€6.80"
          },
          {
            "name": "Raugintų kopūstų su rūkytais šonkauliais",
            "desc": "",
            "price": "€8.80"
          },
          {
            "name": "Kreminė \"Huculų\" sriuba su žuvimi",
            "desc": "",
            "price": "€8.80"
          }
        ]
      },
      {
        "category": "Saldieji patiekalai",
        "items": [
          {
            "name": "Kijevo tortas",
            "desc": "",
            "price": "€7.30"
          },
          {
            "name": "„Pavlova“ ukrainietiškas desertas su šviežiomis uogomis",
            "desc": "„Pavlova“ ukrainietiškas desertas su šviežiomis uogomis",
            "price": "€7.30"
          },
          {
            "name": "Varškės pyragas su vaniliniu padažu ir uogomis",
            "desc": "",
            "price": "€7.30"
          }
        ]
      },
      {
        "category": "Gėrimai",
        "items": [
          {
            "name": "Coca-Cola 0,25 l",
            "desc": "",
            "price": "€2.00"
          },
          {
            "name": "Fanta 0,25 l",
            "desc": "",
            "price": "€2.00"
          },
          {
            "name": "Sprite 0,25 l",
            "desc": "",
            "price": "€2.00"
          },
          {
            "name": "Nealkoholinis alus 0,33 l",
            "desc": "",
            "price": "€3.50"
          },
          {
            "name": "Akvilė gazuotas mineralinis vanduo 0,33 l",
            "desc": "",
            "price": "€1.50"
          },
          {
            "name": "Negazuotas mineralinis vanduo 0,75 l",
            "desc": "",
            "price": "€2.50"
          },
          {
            "name": "Gazuotas mineralinis vanduo 0,75 l",
            "desc": "",
            "price": "€2.50"
          },
          {
            "name": "Akvilė negazuotas mineralinis vanduo 0,33 l",
            "desc": "",
            "price": "€1.50"
          },
          {
            "name": "Sultys 1 l",
            "desc": "",
            "price": "€6.00"
          },
          {
            "name": "Mūsų gamybos spanguolių morsas 1 l",
            "desc": "",
            "price": "€5.00"
          },
          {
            "name": "Mūsų gamybos naminė gira 1 l",
            "desc": "Negalima ilgai laikyti uždarytos, vyksta rūgimas. (susprogsta)",
            "price": "€5.00"
          },
          {
            "name": "Dr. Zenzen Riesling 0,75 l",
            "desc": "Nealkoholinis baltas sausas vynas",
            "price": "€15.00"
          },
          {
            "name": "Dr. Zenzen Dornfelder 0,75 l",
            "desc": "Nealkoholinis raudonas sausas vynas",
            "price": "€15.00"
          },
          {
            "name": "Energetinis gėrimas Battery 0,33 l",
            "desc": "",
            "price": "€3.00\n(0.1% vol)"
          }
        ]
      },
      {
        "category": "Alkoholiniai gėrimai",
        "items": [
          {
            "name": "Riesling Peter Meyer pusiau saldus 0,75 l",
            "desc": "Vartodami alkoholį, rizikuojate savo sveikata, šeimos ir visuomenės gerove. Baltas pusiau saldus vynas, Vokietija",
            "price": "€17.00\n(8.5% vol)"
          },
          {
            "name": "Masi Modello Pinot Grigio Doc 0,75 l",
            "desc": "Vartodami alkoholį, rizikuojate savo sveikata, šeimos ir visuomenės gerove. Baltas sausas vynas, Italija",
            "price": "€26.00\n(12.5% vol)"
          },
          {
            "name": "Barone Montalto Passivento Bianco 0,75 l",
            "desc": "Vartodami alkoholį, rizikuojate savo sveikata, šeimos ir visuomenės gerove. Baltas sausas vynas, Italija",
            "price": "€26.00\n(12.5% vol)"
          },
          {
            "name": "Barone Montalto Passivento Nero d‘avola 0,75 l",
            "desc": "Vartodami alkoholį, rizikuojate savo sveikata, šeimos ir visuomenės gerove. Raudonas sausas vynas, Italija",
            "price": "€26.00\n(13% vol)"
          },
          {
            "name": "MARANI Kindzmarauli 0,75 l",
            "desc": "Vartodami alkoholį, rizikuojate savo sveikata, šeimos ir visuomenės gerove. Raudonas/ baltas pusiau saldus vynas, Gruzija",
            "price": "€26.00\n(12.5% vol)"
          },
          {
            "name": "Pietra Pura Primitivo Di Manduria Mandus Dop 0,75 l",
            "desc": "Vartodami alkoholį, rizikuojate savo sveikata, šeimos ir visuomenės gerove. Raudonas sausas vynas, Italija",
            "price": "€30.00\n(14% vol)"
          },
          {
            "name": "Törley Gala 0,2 l",
            "desc": "Vartodami alkoholį, rizikuojate savo sveikata, šeimos ir visuomenės gerove. Putojantis sausas vynas",
            "price": "€5.00\n(10.5% vol)"
          },
          {
            "name": "Törley Charmant 0,2 l",
            "desc": "Vartodami alkoholį, rizikuojate savo sveikata, šeimos ir visuomenės gerove. Putojantis saldus vynas",
            "price": "€5.00\n(10.5% vol)"
          },
          {
            "name": "Martini Asti D.O.C.G 0,7 l",
            "desc": "Vartodami alkoholį, rizikuojate savo sveikata, šeimos ir visuomenės gerove. Putojantis saldus vynas",
            "price": "€22.00\n(7.5% vol)"
          },
          {
            "name": "Martini Prosecco D.O.C 0,7 l",
            "desc": "Vartodami alkoholį, rizikuojate savo sveikata, šeimos ir visuomenės gerove. Putojantis briutas vynas",
            "price": "€22.00\n(11.5% vol)"
          },
          {
            "name": "Ukrainka Platinum 0,5 l",
            "desc": "Vartodami alkoholį, rizikuojate savo sveikata, šeimos ir visuomenės gerove. Degtinė",
            "price": "€30.00\n(40% vol)"
          },
          {
            "name": "Gorilocka Honey pepper 0,7 l",
            "desc": "Vartodami alkoholį, rizikuojate savo sveikata, šeimos ir visuomenės gerove. Degtinė",
            "price": "€40.00\n(40% vol)"
          },
          {
            "name": "Nemiroff 0,7 l",
            "desc": "Vartodami alkoholį, rizikuojate savo sveikata, šeimos ir visuomenės gerove. Degtinė",
            "price": "€55.00\n(40% vol)"
          },
          {
            "name": "Status Prestige Premium 0,7 l",
            "desc": "Vartodami alkoholį, rizikuojate savo sveikata, šeimos ir visuomenės gerove. Degtinė",
            "price": "€30.00\n(40% vol)"
          },
          {
            "name": "ST – Remy Vsop 0,7 l",
            "desc": "Vartodami alkoholį, rizikuojate savo sveikata, šeimos ir visuomenės gerove. Brendis",
            "price": "€50.00\n(36% vol)"
          },
          {
            "name": "Torres5 0,7 l",
            "desc": "Vartodami alkoholį, rizikuojate savo sveikata, šeimos ir visuomenės gerove. Brendis",
            "price": "€40.00\n(38% vol)"
          },
          {
            "name": "Jack Daniel‘s 0,7 l",
            "desc": "Vartodami alkoholį, rizikuojate savo sveikata, šeimos ir visuomenės gerove. Viskis",
            "price": "€55.00\n(40% vol)"
          },
          {
            "name": "Jameson Irish 0,7 l",
            "desc": "Vartodami alkoholį, rizikuojate savo sveikata, šeimos ir visuomenės gerove. Viskis",
            "price": "€55.00\n(40% vol)"
          },
          {
            "name": "Dalmore 12 years 0,7 l",
            "desc": "Vartodami alkoholį, rizikuojate savo sveikata, šeimos ir visuomenės gerove. Viskis",
            "price": "€100.00\n(40% vol)"
          },
          {
            "name": "Mionetto Prosecco Doc Treviso 0,75 l",
            "desc": "Vartodami alkoholį, rizikuojate savo sveikata, šeimos ir visuomenės gerove. Putojantis vynas briutas",
            "price": "€27.00\n(11% vol)"
          },
          {
            "name": "Volfo Engelman Bohemia alus 0,5 l",
            "desc": "Vartodami alkoholį, rizikuojate savo sveikata, šeimos ir visuomenės gerove",
            "price": "€4.00\n(4.5% vol)"
          },
          {
            "name": "Drappier carte D‘OR 0,75 l",
            "desc": "Vartodami alkoholį, rizikuojate savo sveikata, šeimos ir visuomenės gerove. Putojantis vynas briutas",
            "price": "€80.00\n(11% vol)"
          },
          {
            "name": "MOET & CHANDON Imperial 0,75 l",
            "desc": "Vartodami alkoholį, rizikuojate savo sveikata, šeimos ir visuomenės gerove. Putojantis vynas briutas",
            "price": "€80.00\n(11% vol)"
          },
          {
            "name": "CARE Blanco D.O. Carinena 0,75 l",
            "desc": "Vartodami alkoholį, rizikuojate savo sveikata, šeimos ir visuomenės gerove. Baltas vynas",
            "price": "€25.00\n(11% vol)"
          },
          {
            "name": "Marani Alazani Valley 0,75 l",
            "desc": "Vartodami alkoholį, rizikuojate savo sveikata, šeimos ir visuomenės gerove. Baltas pusiau saldus vynas",
            "price": "€23.00\n(12.5% vol)"
          },
          {
            "name": "Mud House Sauvignon blanc 0,75 l",
            "desc": "Vartodami alkoholį, rizikuojate savo sveikata, šeimos ir visuomenės gerove. Baltas sausas vynas",
            "price": "€30.00\n(12.5% vol)"
          },
          {
            "name": "CARE Tinto Sobre Lias 0,75 l",
            "desc": "Vartodami alkoholį, rizikuojate savo sveikata, šeimos ir visuomenės gerove. Raudonas vynas",
            "price": "€25.00\n(12.5% vol)"
          },
          {
            "name": "Masi Modello Merlot 0,75 l",
            "desc": "Vartodami alkoholį, rizikuojate savo sveikata, šeimos ir visuomenės gerove. Raudonas sausas vynas, Italija",
            "price": "€26.00\n(12.5% vol)"
          },
          {
            "name": "Sampietrana Tacco Barocco Salento Primitivo IGP 0,75 l",
            "desc": "Vartodami alkoholį, rizikuojate savo sveikata, šeimos ir visuomenės gerove. Raudonas sausas vynas",
            "price": "€25.00\n(12.5% vol)"
          },
          {
            "name": "Mud House Pinot Noir 0,75 l",
            "desc": "Vartodami alkoholį, rizikuojate savo sveikata, šeimos ir visuomenės gerove. Raudonas sausas vynas",
            "price": "€30.00\n(12.5% vol)"
          },
          {
            "name": "Finliandija Vodka 0,7 l",
            "desc": "Vartodami alkoholį, rizikuojate savo sveikata, šeimos ir visuomenės gerove. Degtinė",
            "price": "€65.00\n(40% vol)"
          },
          {
            "name": "Grey Goose 0,7 l",
            "desc": "Vartodami alkoholį, rizikuojate savo sveikata, šeimos ir visuomenės gerove. Degtinė",
            "price": "€90.00\n(40% vol)"
          }
        ]
      }
    ]
  },
  {
    "address": "Dominikonų g. 6",
    "location": [
      25.283743,
      54.6809859
    ],
    "name": "Sushi Lounge (Dominikonų g.)",
    "rating": {
      "rating": 3,
      "score": 9
    },
    "short_description": "Gurmaniški sušiai. Neišragautų skonių istorija",
    "id": "sushi-lounge-dominikonu-g",
    "tags": [
      "azijietiška",
      "japoniška",
      "sušiai"
    ],
    "distance": "0.6 km",
    "duration": 8,
    "menu": [
      {
        "category": "Wolt Specials",
        "items": [
          {
            "name": "💙 Hot Roll Salmon (8 vnt.) + Philadelphia (8 vnt.)",
            "desc": "Tik Wolt+ nariams. Lašiša, Philadelphia sūris, avokadas, Teriyaki padažas, sezamas, tempura, panko džiuvesėliai + Lašiša, Philadelphia sūris, sezamas, agurkas, Teriyaki padažas, krabų lazdelės",
            "price": "€13.98\n19.87"
          },
          {
            "name": "⭐️ Hot Roll Salmon (8 vnt.) + Philadelphia (8 vnt.)",
            "desc": "Lašiša, Philadelphia sūris, avokadas, Teriyaki padažas, sezamas, tempura, panko džiuvesėliai + Lašiša, Philadelphia sūris, sezamas, agurkas, Teriyaki padažas, krabų lazdelės",
            "price": "€15.90\n19.87"
          },
          {
            "name": "Gurmano combo pasiūlymas 3in1 (12 vnt.)",
            "desc": "Neišragautų skonių istorija, 3 sušių akordai: laukinė lašiša, gelsvauodegis tunas, tobiko oranžiniai ikriukai, karališkos krevetės, prinokęs avokadas, traškus agurkas, juodas ir baltas sezamas, teriyaki padažas, shiraza mayo padažas, philadelphia sūris. Visi šie skoniai susijungia trijuose Sushi Lounge sušiuose: Tuna Spicy Crispy 4 vnt., Tokyo 4 vnt., California 4 vnt.",
            "price": "€9.99\n12.99"
          }
        ]
      },
      {
        "category": "Prancūziškos didžiosios austrės",
        "items": [
          {
            "name": "Prancūziška didžioji austrė (1 vnt.)",
            "desc": "Austres rekomenduojame valgyti pašlakstant natūraliomis laimo sultimis, šalia patiekiame ir savo firminį padažiuką",
            "price": "€3.99"
          }
        ]
      },
      {
        "category": "Sushi Burrito NAUJIENA!",
        "items": [
          {
            "name": "Bacon Deluxe",
            "desc": "Skrudinta šoninė, tepamas sūris su kumpiu, prinokęs pomidoras, paprika, aisbergo salota. Patiekiama glaistytu shriracha majoneziniu ir teriyaki padažu bei skrudintomis sezamo sėklomis.",
            "price": "€8.99\n9.99"
          },
          {
            "name": "Chiken cheese burrito",
            "desc": "Chicken nuggets, prinokęs pomidoras, čederio sūris, philadelphia, paprika, aisbergo salota Patiekiama glaistytu shriracha majoneziniu ir teriyaki padažu bei skrudintomis sezamo sėklomis.",
            "price": "€8.99\n9.99"
          },
          {
            "name": "Harmony",
            "desc": "Ungurio file, traški krevetė, philadelphia, prinokęs avokadas, agurkas. Patiekiama glaistytu shriracha majoneziniu ir teriyaki padažu bei skrudintomis sezamo sėklomis.",
            "price": "€10.99"
          },
          {
            "name": "Crispy chicken",
            "desc": "Traški vištiena, čederio sūris, prinokęs pomidoras, agurkas, aisbergo salotos. Patiekiama glaistytu shriracha majoneziniu ir teriyaki padažu bei skrudintomis sezamo sėklomis.",
            "price": "€8.99\n9.99"
          },
          {
            "name": "Royal Tartar",
            "desc": "Jūros šukutės, gelsvauodegis tunas, laukinė lašiša, masago oranžiniai ikrai. Paprika, aisbergo salota, agurkas. Patiekiama glaistytu shriracha majoneziniu ir teriyaki padažu bei skrudintomis sezamo sėklomis.",
            "price": "€10.99"
          },
          {
            "name": "Sushi Burrito COMBO (4 vnt.) + Coca Cola 250 ml",
            "desc": "Skrudinta šoninė, tepamas sūris, prinokęs pomidoras, paprika, aisbergo salota. Patiekiama glaistytu shriracha majoneziniu ir teriyaki padažu bei skrudintomis sezamo sėklomis. Traški vištiena, čederio sūris, prinokęs pomidoras, agurkas, aisbergo salotos. Patiekiama glaistytu shriracha majoneziniu ir teriyaki padažu bei skrudintomis sezamo sėklomis.",
            "price": "€18.99"
          },
          {
            "name": "Salmon Samba Dance",
            "desc": "Laukinė lašiša, traški karališka krevetė, paprika, agurkas, philadelphia. Patiekiama glaistytu shriracha majoneziniu ir teriyaki padažu bei skrudintomis sezamo sėklomis.",
            "price": "€9.99"
          },
          {
            "name": "Buddha joy",
            "desc": "Prinokęs avokadas, wakame, cukinija, agurkas. Patiekiama glaistytu shriracha vegan majoneziniu ir teriyaki padažu bei skrudintomis sezamo sėklomis.",
            "price": "€9.99"
          }
        ]
      },
      {
        "category": "Uramaki",
        "items": [
          {
            "name": "Gurmano combo pasiūlymas 3in1 (12 vnt.)",
            "desc": "Neišragautų skonių istorija, 3 sušių akordai: laukinė lašiša, gelsvauodegis tunas, tobiko oranžiniai ikriukai, karališkos krevetės, prinokęs avokadas, traškus agurkas, juodas ir baltas sezamas, teriyaki padažas, shiraza mayo padažas, philadelphia sūris. Visi šie skoniai susijungia trijuose Sushi Lounge sušiuose: Tuna Spicy Crispy 4 vnt., Tokyo 4 vnt., California 4 vnt.",
            "price": "€9.93\n13.99"
          },
          {
            "name": "NAUJIENA! Gurmano Combo. Be žalios žuvies 3in1 (12 vnt.)",
            "desc": "BE ŽALIOS ŽUVIES! Trys skoniai viename! Neišragautų skonių istorija, 3 sušių akordai: KEPTA lašiša🐟, masago oranžiniai ikriukai KEPTOS karališkos krevetės 🦐, prinokęs avokadas🥑, traškus agurkas🥒, skaldyti žemės🥜 riešutai, juodas ir baltas sezamas, teriyaki padažas, shiraza mayo padažas, philadelphia kremas. 🖤🍣🍣🍣🖤 Visi šie skoniai susijungia trijuose Sushi Lounge sušiuose: Sake Teryaki4 vnt., Uramaki Shrimp 4 vnt., California 4 vnt.",
            "price": "€9.22\n12.99"
          },
          {
            "name": "California (8 vnt.)",
            "desc": "Keptos traškios krevetės, gerai prinokintas avokadas, philadelphia, oranžiniai ikriukai, skrudintas baltas ir juodas sezamas. Patiekiama su firminiu soya padažu, mūsų \"žaliu padažiuku\", nedažytu baltu imbieru bei wasabi.",
            "price": "€9.89"
          },
          {
            "name": "Royal Tuna (8 vnt.)",
            "desc": "Gelsvauodegio tuno file, agurkas, Philadelphia sūris, srisacha mayo padažas, firminiai tempura traškučiai, pakepintos sezamo sėklos",
            "price": "€9.89"
          },
          {
            "name": "Sake Tempura (8 vnt.)",
            "desc": "Lašiša, sirracha majonezo padažas, agurkas, žemės riešutai, Teriyaki padažas, traškučiai",
            "price": "€9.89"
          },
          {
            "name": "Philadelphia (8 vnt.)",
            "desc": "Lašiša, Philadelphia sūris, sezamas, agurkas, Teriyaki padažas, krabų lazdelės",
            "price": "€9.99"
          },
          {
            "name": "Tokyo (8 vnt.)",
            "desc": "Keptos krevetės, lašiša, Philadelphia sūris, avokadas, Teriyaki padažas, traškučiai",
            "price": "€10.99"
          },
          {
            "name": "VALANDOS AKCIJA! New York (8 vnt.)",
            "desc": "Krabų surimi, Philadelphia sūris, sezamas, agurkas",
            "price": "€6.99"
          },
          {
            "name": "Hot crab (8 vnt.)",
            "desc": "Krabų surimi, Philadelphia sūris, tobiko oranžiniai ikrai, čederio sūris, keptos krevetės, Teriyaki padažas, čederio sūris deginamas ir lydomas atvira ugnimi iš viršaus",
            "price": "€9.89"
          },
          {
            "name": "Sake teriyaki (8 vnt.)",
            "desc": "Kepta lašiša, sirracha majonezo padažas, sezamas, agurkas, Teriyaki padažas, tobiko ikrai",
            "price": "€9.89"
          },
          {
            "name": "Unagi spicy (8 vnt.)",
            "desc": "Ungurys, Philadelphia sūris, wakame salotos, agurkas, sirracha majonezo padažas, sezamas, tobiko ikrai",
            "price": "€9.89"
          },
          {
            "name": "Tuna spicy crispy (8 vnt.)🌶️",
            "desc": "Tunas, Philadelphia sūris, agurkas, sirracha majonezo padažas, traškučiai",
            "price": "€10.98"
          },
          {
            "name": "Dragon unagi (8 vnt.)",
            "desc": "Ungurys, Philadelphia sūris, keptos krevetės, agurkas, Teriyaki padažas, sezamas",
            "price": "€12.99"
          },
          {
            "name": "Shogun crab (8 vnt.)",
            "desc": "Minkštakiautis krabas, Philadelphia sūris, avokadas, agurkas, lašišos ikrai, sezamas",
            "price": "€13.99"
          },
          {
            "name": "Grill sake Teriyaki (8 vnt.)",
            "desc": "Deginta lašiša, Philadelphia sūris, avokadas, sirracha majonezo padažas, Teriyaki padažas, keptos krevetės, sezamas",
            "price": "€10.99"
          },
          {
            "name": "Hotate King (8 vnt.)",
            "desc": "Jūros šukutė, Philadelphia sūris, agurkas, keptos krevetės, tobiko ikrai, balzamiko ikrai",
            "price": "€10.99"
          },
          {
            "name": "Tuna shitaki (8 vnt.)",
            "desc": "Tunas, Philadelphia sūris, shitaki grybai, agurkas, karai padažas",
            "price": "€10.99"
          },
          {
            "name": "Vegetarian roll (8 vnt.)",
            "desc": "Paprika, cukinija, avokadas, agurkas, Teriyaki padažas, sezamas",
            "price": "€7.99"
          }
        ]
      },
      {
        "category": "Hosomaki",
        "items": [
          {
            "name": "Sake kappa maki (8 vnt.)",
            "desc": "Lašiša, agurkas, Teriyaki padažas, sezamas",
            "price": "€4.99"
          },
          {
            "name": "Unagi maki (8 vnt.)",
            "desc": "Ungurys, sezamas, Teriyaki padažas",
            "price": "€5.99"
          },
          {
            "name": "Sake maki (8 vnt.)",
            "desc": "Lašiša, sezamas, Teriyaki padažas",
            "price": "€4.80"
          },
          {
            "name": "Maguro maki (8 vnt.)",
            "desc": "Tunas, sirracha majonezo padažas, sezamas",
            "price": "€5.59"
          },
          {
            "name": "Kappa maki (8 vnt.)",
            "desc": "Agurkas, sezamas, Teriyaki padažas",
            "price": "€3.99"
          },
          {
            "name": "Avocado maki (8 vnt.)",
            "desc": "Avokadas, sezamas, Teriyaki padažas",
            "price": "€3.99"
          },
          {
            "name": "Wakame maki (8 vnt.)",
            "desc": "Wakame, skrudintos sezamo sėklos.",
            "price": "€3.99"
          }
        ]
      },
      {
        "category": "Karšti traškūs sushi",
        "items": [
          {
            "name": "Hot New York roll (6 vnt.)",
            "desc": "Krabų lazdelės, Philadelphia sūris, agurkas, Teriyaki padažas, sezamas, tempura, panko džiuvesėliai",
            "price": "€8.79"
          },
          {
            "name": "Hotroll Salmon (6 vnt.)",
            "desc": "Lašiša, Philadelphia sūris, avokadas, Teriyaki padažas, sezamas, tempura, panko džiuvesėliai",
            "price": "€9.88"
          },
          {
            "name": "Hotroll Eel (6 vnt.)",
            "desc": "Ungurys, Philadelphia sūris, agurkas, Teriyaki padažas, sezamas, keptos krevetės, tempura, panko džiuvesėliai",
            "price": "€9.88"
          },
          {
            "name": "Tuna hotroll (6 vnt.)",
            "desc": "Tunas, Philadelphia sūris, agurkas, Teriyaki padažas, sezamas, tempura, panko džiuvesėliai",
            "price": "€9.88"
          },
          {
            "name": "Crab roll su minkštakiaučiu krabu (6 vnt.)",
            "desc": "Keptas minkštakiautis krabas, natūralūs raudonieji ikrai, Philadelphia sūris, agurkas, Teriyaki padažas, tempura, panko džiuvesėliai",
            "price": "€13.99"
          },
          {
            "name": "Vegetarian hotroll (6 vnt.)",
            "desc": "Avokadas, cukinija, agurkas, Teriyaki padažas, sezamas, tempura, panko džiuvesėliai",
            "price": "€8.79"
          }
        ]
      },
      {
        "category": "Poke Bowl",
        "items": [
          {
            "name": "Bowl su lašiša",
            "desc": "Sūdyta laukinė lašiša, suši ryžiai, prinokęs avokadas, mango kubeliai, marinuotas spicy anasas, kimchi marinuotas ridikas, teriyaki burokėlis, marinuotos morkos, teriyaki padažas, juodas sezamas.",
            "price": "€11.99"
          },
          {
            "name": "Bowl su tunu",
            "desc": "Bluefin tunas, suši ryžiai, prinokęs avokadas, mango kubeliai, marinuotas spicy anasas, kimchi marinuotas ridikas, teriyaki burokėlis, marinuotos morkos, teriyaki padažas, juodas sezamas.",
            "price": "€11.99"
          },
          {
            "name": "Bowl su traškiomis tempura krevetėmis",
            "desc": "Traškios tempura krevetės, suši ryžiai, prinokęs avokadas, mango kubeliai, marinuotas spicy anasas, kimchi marinuotas ridikas, teriyaki burokėlis, marinuotos morkos, teriyaki padažas, juodas sezamas.",
            "price": "€11.99"
          },
          {
            "name": "Vegan bowl su tofu",
            "desc": "Marinuota tofu, suši ryžiai, prinokęs avokadas, mango kubeliai, marinuotas spicy anasas, kimchi marinuotas ridikas, teriyaki burokėlis, marinuotos morkos, teriyaki padažas, juodas sezamas.",
            "price": "€10.99"
          }
        ]
      },
      {
        "category": "SUSHI Lounge rinkiniai",
        "items": [
          {
            "name": "Nr. 3 Tasty rinkinys (28 vnt.)",
            "desc": "California 8 vnt., Philadelphia 8 vnt., Salmon Hotroll 6 vnt., Hotroll eel 6 vnt.",
            "price": "€39.59"
          },
          {
            "name": "Nr. 4 Harmony rinkinys (32 vnt.)",
            "desc": "Sake teriyaki 8 vnt., Sake tempura 8 vnt., Tokyo 8 vnt., Tuna spicy crispy 8 vnt.",
            "price": "€41.79"
          },
          {
            "name": "Nr. 1 Wish rinkinys (32 vnt.)",
            "desc": "New York 8 vnt., Philadelphia 8 vnt., Kappa maki 8 vnt., Sake maki 8 vnt.",
            "price": "€26.40"
          },
          {
            "name": "Nr. 2 Tete-A-Tete rinkinys (24 vnt.)",
            "desc": "Philadelphia 8 vnt., California 8 vnt., Sake tempura 8 vnt.",
            "price": "€29.69"
          },
          {
            "name": "Nr. 5 My Time rinkinys (60 vnt.)",
            "desc": "California 8 vnt., Tokyo 8 vnt., Sake tempura 8 vnt., New York 8 vnt., New York Hotroll 6 vnt., Salmon Hotroll 6 vnt., Sake kappa maki 8 vnt., Kappa maki 8 vnt.",
            "price": "€74.99"
          },
          {
            "name": "Nr. 6 Lounge Special rinkinys (66 vnt.)",
            "desc": "California 8 vnt., Tokyo 8 vnt., New York 8 vnt., Maguro maki 8 vnt., Sake kappa maki 8 vnt., Maguro maki 8 vnt., Sake teriyaki 8 vnt., Salmon Hotroll 6 vnt., Tuna hotroll 6 vnt., Hotroll eel 6 vnt.",
            "price": "€79.99"
          },
          {
            "name": "Nr. 7 Festival rinkinys (58 vnt.)",
            "desc": "California 8 vnt., Tokyo 8 vnt., Salmon Hotroll 12 vnt., Spring rolls 12 vnt., kalmarų žiedai 8 vnt., svogūnų žiedai 8 vnt., sweet chilli padažas 2 vnt., traškios krevetės 10 vnt.",
            "price": "€79.99"
          }
        ]
      },
      {
        "category": "Sashimi",
        "items": [
          {
            "name": "Sashimi su lašiša",
            "desc": "",
            "price": "€7.99"
          },
          {
            "name": "Sashimi su tunu",
            "desc": "",
            "price": "€9.99"
          },
          {
            "name": "Sashimi su unguriu",
            "desc": "",
            "price": "€9.99"
          },
          {
            "name": "Sashimi su jūros šukutėmis",
            "desc": "",
            "price": "€9.99"
          }
        ]
      },
      {
        "category": "Nigiri",
        "items": [
          {
            "name": "Nigiri su lašiša (2 vnt.)",
            "desc": "",
            "price": "€5.40\n6.00"
          },
          {
            "name": "Nigiri su tunu (2 vnt.)",
            "desc": "",
            "price": "€6.00"
          },
          {
            "name": "Nigiri su unguriu (2 vnt.)",
            "desc": "",
            "price": "€6.00"
          },
          {
            "name": "Nigiri su jūros šukute (2 vnt.)",
            "desc": "",
            "price": "€6.00"
          }
        ]
      },
      {
        "category": "Gunkan",
        "items": [
          {
            "name": "Gunkan su wakame (1 vnt.)",
            "desc": "",
            "price": "€3.00"
          },
          {
            "name": "Gunkan su lašiša (1 vnt.)",
            "desc": "",
            "price": "€4.00"
          },
          {
            "name": "Gunkan su tunu (1 vnt.)",
            "desc": "",
            "price": "€5.00"
          },
          {
            "name": "Gunkan su jūros šukute (1 vnt.)",
            "desc": "",
            "price": "€5.00"
          },
          {
            "name": "Gunkan su unguriu (1 vnt.)",
            "desc": "",
            "price": "€4.00"
          },
          {
            "name": "Gunkan su ikrais (1 vnt.)",
            "desc": "",
            "price": "€5.00"
          }
        ]
      },
      {
        "category": "Sriubos",
        "items": [
          {
            "name": "Miso sultinys",
            "desc": "",
            "price": "€3.50"
          },
          {
            "name": "Miso sultinys su daržovėmis",
            "desc": "",
            "price": "€3.80"
          },
          {
            "name": "Miso sultinys su shitaki grybais",
            "desc": "",
            "price": "€3.99"
          },
          {
            "name": "Miso sultinys su lašiša",
            "desc": "",
            "price": "€4.40"
          },
          {
            "name": "Daržovių sultinys su krevetėmis ir lašiša",
            "desc": "",
            "price": "€4.80"
          }
        ]
      },
      {
        "category": "Šalti užkandžiai",
        "items": [
          {
            "name": "Lašišos tartaras",
            "desc": "Lašiša, avokadas, Teriyaki padažas, karai padažas, sezamas,lašišos ikrai, kaparėliai",
            "price": "€9.99"
          },
          {
            "name": "Tuno tartaras",
            "desc": "Tunas, avokadas, Teriyaki padažas, sirracha majonezo padažas, balzamiko ikrai, sezamų aliejus",
            "price": "€11.99"
          },
          {
            "name": "Wakame salotos",
            "desc": "Wakame, agurkas, Teriyaki padažas, sezamas, žemės riešutai",
            "price": "€6.50"
          }
        ]
      },
      {
        "category": "Karšti užkandžiai",
        "items": [
          {
            "name": "Tempura traškios krevetės",
            "desc": "Rankų darbo traškios krevetės. Patiekiamos su teriyaki padažu, skrudintu sezamu ir šefo padažu, laimo skiltele.",
            "price": "€10.98"
          },
          {
            "name": "Spring rolls",
            "desc": "Patiekiama su teriyaki padažu, skrudintu sezamu ir šefo padažu.",
            "price": "€5.99"
          },
          {
            "name": "Svogūnų žiedai",
            "desc": "Patiekiama su teriyaki padažu, skrudintu sezamu ir šefo padažu.",
            "price": "€4.99"
          },
          {
            "name": "Traškūs kalmarų žiedai",
            "desc": "Patiekiama su teriyaki padažu, skrudintu sezamu ir šefo padažu.",
            "price": "€5.99"
          },
          {
            "name": "Gruzdinti krabai su žniplytėmis",
            "desc": "Patiekiama su teriyaki padažu, skrudintu sezamu ir šefo padažu.",
            "price": "€6.99"
          },
          {
            "name": "Gruzdinti Gyoza koldūnai",
            "desc": "Gyoza su mėsos įdaru. Patiekiami su teriyaki padažu, skrudintu sezamu ir šefo padažu.",
            "price": "€7.99"
          }
        ]
      },
      {
        "category": "Desertai",
        "items": [
          {
            "name": "Šokoladinis pyragaitis",
            "desc": "Su šiltu šokoladu viduje",
            "price": "€4.80"
          },
          {
            "name": "Sūrio pyragas",
            "desc": "",
            "price": "€4.80"
          },
          {
            "name": "Migdolinis tortas",
            "desc": "",
            "price": "€4.80"
          },
          {
            "name": "Chia mango dance",
            "desc": "Chia pudingas su natūraliu jogurtu pagardintas sutrintu saulėje prinokusiu mangu, nėra dirbtinio cukraus. *Braškė į sudėti neįeina.",
            "price": "€3.90"
          }
        ]
      },
      {
        "category": "Gėrimai",
        "items": [
          {
            "name": "ACQUA MORELLI negazuotas 250 ml",
            "desc": "",
            "price": "€2.99"
          },
          {
            "name": "ACQUA MORELLI gazuotas 250 ml",
            "desc": "",
            "price": "€2.99"
          },
          {
            "name": "ACQUA MORELLI gazuotas 750 ml",
            "desc": "",
            "price": "€4.99"
          },
          {
            "name": "Coca-Cola 250 ml",
            "desc": "",
            "price": "€2.70\n(250 ml, €10.80/l)"
          },
          {
            "name": "Coca-Cola Zero 250 ml",
            "desc": "",
            "price": "€2.70\n(250 ml, €10.80/l)"
          },
          {
            "name": "Fanta 250 ml",
            "desc": "",
            "price": "€2.70\n(250 ml, €10.80/l)"
          },
          {
            "name": "Sprite 250 ml",
            "desc": "",
            "price": "€2.70\n(250 ml, €10.80/l)"
          },
          {
            "name": "Nealkoholinis Gubernijos alus 500 ml",
            "desc": "",
            "price": "€3.50"
          }
        ]
      }
    ]
  },
  {
    "address": "J.Basanaviciaus g. 3",
    "location": [
      25.276995599269863,
      54.6800925268964
    ],
    "name": "The Urban Garden",
    "rating": {
      "rating": 4,
      "score": 9.2
    },
    "short_description": "Veganiškas ir vegetariškas pusryčių ir brunch restoranas",
    "id": "the-urban-garden",
    "tags": [
      "dubuo",
      "pusryčiai",
      "vegetariška"
    ],
    "distance": "0.1 km",
    "duration": 1,
    "menu": [
      {
        "category": "Wolt Specials",
        "items": [
          {
            "name": "💙 Greek Budhha bowl",
            "desc": "Tik Wolt+ nariams. Romaninės salotos, marinuoti lapiniai kopūstai, bolivinė balanda, feta sūris, kepti avinžirniai, alyvuogių užtepėlė, pomidorai, agurkai. Su citrinų padažu",
            "price": "€9.00\n12.00"
          },
          {
            "name": "⭐️ Greek Budhha bowl",
            "desc": "Romaninės salotos, marinuoti lapiniai kopūstai, bolivinė balanda, feta sūris, kepti avinžirniai, alyvuogių užtepėlė, pomidorai, agurkai. Su citrinų padažu",
            "price": "€10.20\n12.00"
          }
        ]
      },
      {
        "category": "🌿SPRING SPECIALS",
        "items": [
          {
            "name": "Florentino kiaušiniai",
            "desc": "Sourdough duona, kreminis žolelių sūris, špinatai, kiaušiniai, olandiškas padažas, feta",
            "price": "€11.50"
          }
        ]
      },
      {
        "category": "Pusryčiai visą dieną",
        "items": [
          {
            "name": "Varškėčiai Royal",
            "desc": "Varškėčiai 5 vnt. su naminiu pasiflorų kremu ir sūdytos karamelės padažu",
            "price": "€12.50"
          },
          {
            "name": "Avokado skrebutis",
            "desc": "Sourdough duona, avokadas, kalendra, čili flakes",
            "price": "€9.50"
          },
          {
            "name": "Šakšuka",
            "desc": "Pomidorų - paprikų padažas, be lukšto virti kiaušiniai, feta sūris, alyvuogių užtepėlė, kalendra, pita",
            "price": "€13.00"
          },
          {
            "name": "Kruasanas",
            "desc": "Su speltų miltais ir įvairiais grūdais",
            "price": "€2.20"
          },
          {
            "name": "Vaikiški varškėčiai",
            "desc": "Su uogų tyre ir graikišku jogurtu",
            "price": "€8.00"
          },
          {
            "name": "Kokosų chia pudingas su keptais obuoliais ir riešutų kremu",
            "desc": "",
            "price": "€10.00"
          }
        ]
      },
      {
        "category": "Smoothie bowls",
        "items": [
          {
            "name": "Tropical smoothie bowl",
            "desc": "Avokadas, bananai, mango, ananasai, spirulina milteliai ir špinatai. Su mūsų namine granola, kokosų traškučiais ir ananasais",
            "price": "€10.00"
          }
        ]
      },
      {
        "category": "Užkandžiai",
        "items": [
          {
            "name": "Marinuotos alyvuogės",
            "desc": "Kalamata juodosios ir žaliosios alyvuogės, balzaminis actas, klevų sirupas, česnakas, citrinų sultys, alyvuogių aliejus, čiobrelis, kalendra, sojų padažas, sriracha",
            "price": "€8.50\n(200 g, €40.00/kg)"
          },
          {
            "name": "Užkandžių rinkinys",
            "desc": "Pita, naminis humusas, tzatziki padažas, daržovių lazdelės, marinuotos alyvuogės",
            "price": "€15.50"
          },
          {
            "name": "Kišas su saulėje džiovintais pomidorais ir fetos sūriu",
            "desc": "Sviestinis krepšelis, kiaušinių plakinys su creme fraiche, fetos sūris, kepti baklažanai, saulėje džiovinti pomidorai, čiobrelis. Patiekiamas šaltas.",
            "price": "€6.50"
          }
        ]
      },
      {
        "category": "Pagrindiniai",
        "items": [
          {
            "name": "Burrito",
            "desc": "Tortilija, rudieji ryžiai, naminis chili troškinys su soju faršu, gvakamolė, konservuotas jelapenas, pomidoru salsa, veganiškas chipotle majonezas, sezoninės salotos",
            "price": "€12.50"
          },
          {
            "name": "Graikiškas Wrap’as",
            "desc": "Tortilija, halloumi sūris, kepti avinžirniai, alyvuogių užtepėlė, marinuoti svogūnai, kopūstų salotos, vyšniniai pomidorai, naminis majonezas. Patiekiama su tzatziki padažu",
            "price": "€12.50"
          },
          {
            "name": "Čili troškinys",
            "desc": "Lengvai aštrus naminis čili troškinys su sojos faršu, pupelėmis, kukurūzais ir pomidorais. Patiekiama su čiobrelio - sūrio tortilija, gvakamole, creme fraiche ir marinuotais jelapenais",
            "price": "€12.00"
          }
        ]
      },
      {
        "category": "Buddha Bowls",
        "items": [
          {
            "name": "Traditional Buddha bowl",
            "desc": "Romaninės salotos, marinuoti lapiniai kopūstai, kopūstų salotos, bolivinė balanda, pomidorai, agurkai, humusas, kepti avinžirniai. Su špinatų - baziliku padažu.",
            "price": "€12.00"
          },
          {
            "name": "Greek Budhha bowl",
            "desc": "Romaninės salotos, marinuoti lapiniai kopūstai, bolivinė balanda, feta sūris, kepti avinžirniai, alyvuogių užtepėlė, pomidorai, agurkai. Su citrinų padažu.",
            "price": "€12.00"
          },
          {
            "name": "Burrito Buddha Bowl",
            "desc": "Sojų čili troškinys, basmati ryžiais, marinuoti kale kopūstai, pomidorų salsa, gvakamolė, kukurūzų traškučiai ir creme fraiche. Patiekiama su chipotle majonezu.",
            "price": "€13.50"
          },
          {
            "name": "Grikių Buddha Bowl su halloumi",
            "desc": "Grikiai, žaliosios pupelės, marinuoti kale kopūstai, avokadas, keptos saldžiosios bulvės, marinuoti raudonieji svogūnai, kepinti sūdyti migdolai ir keptas halloumi sūris. Patiekiama su citrinų padažu",
            "price": "€15.00"
          }
        ]
      },
      {
        "category": "Desertai",
        "items": [
          {
            "name": "Bananų duona",
            "desc": "Bananai, cukrus, aliejus, cinamonas, miltai, šokoladas, himalajų druska ir graikiniai riešutai",
            "price": "€4.50"
          },
          {
            "name": "Citrininis energijos rutuliukas",
            "desc": "Anakardžių riešutai, agavų sirupas, citrina, kokosas, ciberžolė",
            "price": "€2.50"
          },
          {
            "name": "Datulė su žemės riešutų kremu ir šokoladu",
            "desc": "",
            "price": "€3.50"
          },
          {
            "name": "Žaliųjų citrinų ir baltojo šokolado sūrio pyragas",
            "desc": "Sausainių pagrindas, baltojo šokolado ir žaliųjų citrinų sūrio kremas",
            "price": "€5.50"
          }
        ]
      },
      {
        "category": "Trinti kokteiliai",
        "items": [
          {
            "name": "Barcelona 0,5 l",
            "desc": "Bananai, braškės, avietės, chia sėklos, avižiniai dribsniai, migdolai",
            "price": "€5.60"
          },
          {
            "name": "Mumbai 0,5 l",
            "desc": "Bananai, ananasai, mangai, imbieras, ciberžolė, kokosų pienas, citrina",
            "price": "€5.60"
          },
          {
            "name": "Tokyo 0,5 l",
            "desc": "Bananas, mango, ananasas, imbieras, spirulinas, špinata",
            "price": "€5.60"
          },
          {
            "name": "New York 0,5l",
            "desc": "Bananai, žemės riešutų kremas, migdolai, špinatai",
            "price": "€5.60"
          }
        ]
      },
      {
        "category": "Gėrimai",
        "items": [
          {
            "name": "Vitality ekologiška kombucha ananasų 0,35 l",
            "desc": "",
            "price": "€5.60"
          },
          {
            "name": "Natūralus kokosų vanduo 0,32 l",
            "desc": "100% natūralus kokosų vanduo",
            "price": "€4.60"
          },
          {
            "name": "Bomba imbiero šotas",
            "desc": "Obuoliai, imbieras, citrina, kajeno pipirai",
            "price": "€3.50"
          }
        ]
      }
    ]
  },
  {
    "address": "Vokiečių g. 9",
    "location": [
      25.28449237346649,
      54.679239635454444
    ],
    "name": "No Forks Mexican Grill (Vokiečių g.)",
    "rating": {
      "rating": 4,
      "score": 9.2
    },
    "short_description": "Greitas ir šviežias meksikietiškas grilis | Šis restoranas priklauso ir jį valdo UAB Maisto inovacijos, kuri yra atsakinga už parduodamas prekes. Visą informaciją apie parduodamus produktus pateikia pardavėjas",
    "id": "no-forks-mexican-grill",
    "tags": [
      "meksikietiška",
      "taco",
      "burita"
    ],
    "distance": "0.7 km",
    "duration": 9,
    "menu": [
      {
        "category": "Wolt Specials",
        "items": [
          {
            "name": "💙 Cezaris + Jarrita",
            "desc": "Tik Wolt+ nariams. Mėnesio burita + Jarritos – šioje Balandžio mėnesio pasiūlyme susijungia vieni geriausių dalykų, kuriuos mums davė Meksika - Burita ir Jarritos limonadas. Į tortiliją suksim Chimichuri ryžius, Ancho vištieną, įvairias salotas, Pico de gallo salsą, česnakinius duonos skrebučius, traškią šoninę ir viską sujungsime mūsų virtuvės meistrų kurtu cezario padažu",
            "price": "€10.25\n14.64"
          },
          {
            "name": "⭐️ Cezaris + Jarrita",
            "desc": "Mėnesio burita + Jarritos – šioje Balandžio mėnesio pasiūlyme susijungia vieni geriausių dalykų, kuriuos mums davė Meksika - Burita ir Jarritos limonadas. Į tortiliją suksim Chimichuri ryžius, Ancho vištieną, įvairias salotas, Pico de gallo salsą, česnakinius duonos skrebučius, traškią šoninę ir viską sujungsime mūsų virtuvės meistrų kurtu cezario padažu",
            "price": "€11.70\n14.64"
          }
        ]
      },
      {
        "category": "Rinkiniai ir specialūs pasiūlymai",
        "items": [
          {
            "name": "Mėnesio herojus: Cezario burita",
            "desc": "Šioje Balandžio mėnesio buritoje susijungia vieni geriausių dalykų, kuriuos mums davė Meksika: buritos ir Cezario salotos 🥗 🇲🇽 Į tortiliją suksim Chimichuri ryžius, Ancho vištieną, įvairias salotas, Pico de gallo salsą, česnakinius duonos skrebučius, traškią šoninę ir viską sujungsime mūsų virtuvės meistrų kurtu cezario padažu",
            "price": "€10.95"
          },
          {
            "name": "Vienam. San Francisco Classic burita, nachos & salsa ir gėrimas",
            "desc": "Rinkinuką sudaro mūsų populiariausia San Francisko burita su vištiena ir gvakamole, nachos su tavo pasirinkta salsa ir gaivusis gėrimas. Skanaus!",
            "price": "€17.54"
          },
          {
            "name": "Vienam. El Faro's Spicy burita, nachos & salsa ir gėrimas",
            "desc": "Rinkinuką sudaro populiariausia iš aštrių El Faro's burita su barbacoa jautiena ir namų gamybos aštria rūkytų pipirų salsa, nachos su tavo pasirinkta salsa ir gaivusis gėrimas. Skanaus!",
            "price": "€16.54"
          },
          {
            "name": "Dviems. Dvi buritos, nachos & salsa ir du gėrimai",
            "desc": "Rinkinį sudaro dvi nerealiai skanios ir populiarios buritos - San Francisko su chipotle vištiena ir gvakamole ir Por'Queso su kiaulienos carnitas ir lydyto čederio sūrio padažiuku, nachos su tavo pasirinkta salsa ir du gaivieji gėrimai.",
            "price": "€30.09"
          },
          {
            "name": "Grande. No Forks Signature burita, sriuba ir gėrimas.",
            "desc": "Tikrai sotus rinkinys, kurį sudaro viena iš populiariausių No Forks Signature burita su vištiena ir mūsų namine barbekiu salsa, aštri vištienos fajita sriuba ir gėrimas.",
            "price": "€18.04"
          }
        ]
      },
      {
        "category": "Susikurk savo",
        "items": [
          {
            "name": "Buritą",
            "desc": "Mūsų San Francisko stiliaus buritą gali susidėti iš pasirinktos mėsos arba vegetariško pasirinkimo, ryžių, pupelių ir įvairiausių salsų.",
            "price": "€9.95"
          },
          {
            "name": "Nuogą buritą",
            "desc": "Tai ta pati burita, tik lėkštėje, kurios pagrindą sudaro ryžiai. Toliau gali rinktis pupeles, mėsytę arba vegetarišką pasirinkimą bei įvairias salsas.",
            "price": "€10.45"
          },
          {
            "name": "Salotos",
            "desc": "Tiems, kurie nori lengvesnio patiekalo - salotos, kurias sudaro įvairių salotų miksas, pupelės, mėsa ir salsos.",
            "price": "€10.45"
          },
          {
            "name": "Kesadiliją",
            "desc": "Mylimiausia sūrio gerbėjų. Tai tortilija su mėsa, ryžiais, pupelėmis ir užkepta sūriu, patiekiama su pasirinkta salsa šalia.",
            "price": "€10.45"
          }
        ]
      },
      {
        "category": "Buritos",
        "items": [
          {
            "name": "San Francisco Classic",
            "desc": "Chipotle vištiena, ryžiai, pupelės su šonine, klasikinė meksikietiška pomidorų salsa 'pico de gallo' ir gvakamolė.",
            "price": "€10.95"
          },
          {
            "name": "Veggie Delight",
            "desc": "Tofu, ryžiai, pupelės su pomidorais, klasikinė meksikietiška pomidorų salsa 'pico de gallo' ir naminis bbq.",
            "price": "€9.95"
          },
          {
            "name": "El Faro's Spicy 🌶🌶",
            "desc": "Barbacoa jautiena, ryžiai, pupelės su šonine, kukurūzų salsa, naminė aštrių rūkytų pipirų salsa ir grietinė.",
            "price": "€9.95"
          },
          {
            "name": "No Forks Signature 🌶",
            "desc": "Chipotle vištiena, ryžiai, pupelės su šonine, kukurūzų salsa ir namine barbekiu salsa.",
            "price": "€9.95"
          },
          {
            "name": "Por'Queso 🌶",
            "desc": "Kiaulienos carnitas, ryžiai, pupelės su pomidorais, kukurūzų salsa ir mūsų naminis lydyto čederio sūrio padažiukas.",
            "price": "€9.95"
          },
          {
            "name": "L.A. Classic",
            "desc": "Barbacoa jautiena, ryžiai, pupelės su pomidorais, tradicinė meksikietiška pico de gallo salsa ir iš geriausių avokadų gaminama gvakamolė.",
            "price": "€10.95"
          }
        ]
      },
      {
        "category": "Kesadilijos",
        "items": [
          {
            "name": "Carne Avocada",
            "desc": "Barbacoa jautiena, ryžiai, pupelės su šonine, sūris ir gvakamolė.",
            "price": "€11.45"
          },
          {
            "name": "Vegie Avocada",
            "desc": "Tofu, ryžiai, pupelės su pomidorais, sūris ir gvakamolė",
            "price": "€11.45"
          },
          {
            "name": "Carne BBQ",
            "desc": "Barbacoa jautiena, ryžiai, pupelės su pomidorais, sūris ir naminė barbekiu salsa.",
            "price": "€10.45"
          },
          {
            "name": "Pollo BBQ",
            "desc": "Chipotle vištiena, ryžiai, pupelės su pomidorais, sūris ir naminė barbekiu salsa.",
            "price": "€10.45"
          },
          {
            "name": "Pollo Loco 🌶🌶",
            "desc": "Chipotle vištiena, ryžiai, pupelės su šonine, sūris ir aštri rūkytų pipirų salsa.",
            "price": "€10.45"
          },
          {
            "name": "Gordita 🌶",
            "desc": "Kiaulienos carnitas, ryžiai, pupelės su pomidorais, sūris ir salsa verde, ruošta iš tomatillo pomidorų ir jalapenų.",
            "price": "€10.45"
          }
        ]
      },
      {
        "category": "Salotos",
        "items": [
          {
            "name": "BBQ Salotos",
            "desc": "Chipotle vištiena, salotų miksas, pupelės su pomidorais, kukurūzų salsa ir naminė barbekiu salsa.",
            "price": "€10.49"
          },
          {
            "name": "Mexican",
            "desc": "Chipotle vištiena, salotų miksas, pupelės su šonine, klasikinė meksikietiška pomidorų salsa 'pico de gallo' ir gvakamolė.",
            "price": "€11.40"
          }
        ]
      },
      {
        "category": "Extras",
        "items": [
          {
            "name": "Nachos & Salsa",
            "desc": "100% naturalūs kukurūzų čipsai be gliuteno, pridėtinio cukraus ir kitų priedų!",
            "price": "€3.49"
          },
          {
            "name": "Nachos & Queso",
            "desc": "100% naturalūs kukurūzų čipsai be gliuteno, pridėtinio cukraus ir kitų priedų!",
            "price": "€3.49"
          },
          {
            "name": "Nachos & Guacamole",
            "desc": "100% naturalūs kukurūzų čipsai be gliuteno, pridėtinio cukraus ir kitų priedų!",
            "price": "€3.99"
          },
          {
            "name": "Gvakamolė",
            "desc": "Iš geriausių avokadų rankomis ruošta gvakamolė!",
            "price": "€1.19"
          },
          {
            "name": "Queso",
            "desc": "Tai lydyto čederio sūrio padažas",
            "price": "€0.99"
          },
          {
            "name": "BBQ salsa",
            "desc": "Naminė meksikietiška barbekiu salsa, ruošta iš šviežių pomidorų ir karamelizuotų svogūnų.",
            "price": "€0.99"
          },
          {
            "name": "Salsa Verde",
            "desc": "Tai vidutiniškai aštri salsa, ruošta iš žaliųjų tomatillo pomidorų ir jalapenų.",
            "price": "€0.99"
          },
          {
            "name": "Smoked'n'spicy salsa",
            "desc": "Aštri rūkytų pipirų salsa",
            "price": "€0.99"
          }
        ]
      },
      {
        "category": "Sriuba",
        "items": [
          {
            "name": "Vištienos Fajita sriuba",
            "desc": "Truputėlį aštri pomidorų pagrindo sriuba su vištiena, ryžiais, pupelėmis ir paprikomis. Pateikiama su sūriu ir kalendra.",
            "price": "€4.99"
          }
        ]
      },
      {
        "category": "Alkoholiniai gėrimai",
        "items": [
          {
            "name": "Corona 0,33 l",
            "desc": "Vartodami alkoholį, rizikuojate savo sveikata, šeimos ir visuomenės gerove",
            "price": "€4.50\n(4.5% vol)"
          },
          {
            "name": "Desperados 0,33 l",
            "desc": "Vartodami alkoholį, rizikuojate savo sveikata, šeimos ir visuomenės gerove",
            "price": "€4.90\n(5.9% vol)"
          },
          {
            "name": "Tinginio pantis kriaušių sidras 0,33 l",
            "desc": "Vartodami alkoholį, rizikuojate savo sveikata, šeimos ir visuomenės gerove",
            "price": "€4.70\n(4.5% vol)"
          }
        ]
      },
      {
        "category": "Gaivieji gėrimai",
        "items": [
          {
            "name": "Jarritos 0.33l",
            "desc": "Jarritos yra populiariausias gaivusis gėrimas Meksikoje. Lengvai gazuotas ir natūraliai saldintas. Žodis 'jarrito' ispanų kalboje reiškia 'mažas asotėlis' ir yra siejamas su meksikiečių tradicija gerti vandenį ir kitus gėrimus iš molinių asotėlių.",
            "price": "€3.69"
          },
          {
            "name": "Fanta 0,33 l",
            "desc": "",
            "price": "€2.60"
          },
          {
            "name": "Coca-Cola 0,33 l",
            "desc": "",
            "price": "€2.60"
          },
          {
            "name": "Coca-Cola Zero 0,33 l",
            "desc": "",
            "price": "€2.60"
          },
          {
            "name": "Sprite 0,33 l",
            "desc": "",
            "price": "€2.60"
          },
          {
            "name": "Fuzetea",
            "desc": "",
            "price": "€2.95"
          },
          {
            "name": "Vichy",
            "desc": "",
            "price": "€2.10"
          },
          {
            "name": "Cappy",
            "desc": "",
            "price": "€2.90"
          },
          {
            "name": "Carlsberg 0,33 l nealkoholinis",
            "desc": "",
            "price": "€3.85"
          },
          {
            "name": "San Pellegrino",
            "desc": "",
            "price": "€3.65"
          }
        ]
      }
    ]
  },
  {
    "address": "Algirdo g. 8",
    "location": [
      25.270418822765347,
      54.67959940275674
    ],
    "name": "Cheng long",
    "rating": {
      "rating": 3,
      "score": 9
    },
    "short_description": "Kinų maistas",
    "id": "cheng-long",
    "tags": [
      "kiniška"
    ],
    "distance": "0.5 km",
    "duration": 7,
    "menu": [
      {
        "category": "Dienos pietūs",
        "items": [
          {
            "name": "1. Traški vištiena Guobao",
            "desc": "Dienos Pietūs. Patiekiama su ryžiais ir kopūstų salotomis",
            "price": "€7.70"
          },
          {
            "name": "2. Traški saldžiarūgštė vištiena",
            "desc": "Dienos Pietūs. Patiekiama su ryžiais ir kopūstų salotomis",
            "price": "€7.70"
          },
          {
            "name": "3. Traški aštri vištiena",
            "desc": "Dienos Pietūs. Patiekiama su ryžiais ir kopūstų salotomis",
            "price": "€7.70"
          },
          {
            "name": "4. Vištiena KAIP VYŠNIA",
            "desc": "Dienos Pietūs. Patiekiama su ryžiais ir kopūstų salotomis",
            "price": "€7.70"
          },
          {
            "name": "5. Vištienos šlaunelių gabaliukai saldžiarūgščiai aštriame padaže",
            "desc": "Dienos Pietūs. Patiekiama su ryžiais ir kopūstų salotomis",
            "price": "€7.70"
          },
          {
            "name": "6. Vištiena su sojų daigais ir paprika saldžiarūgščiai aštriame padaže",
            "desc": "Dienos Pietūs. Patiekiama su ryžiais ir kopūstų salotomis",
            "price": "€7.70"
          },
          {
            "name": "7. Vištiena su bambukais ir Xiangu grybais sojos padaže",
            "desc": "Dienos Pietūs. Patiekiama su ryžiais ir kopūstų salotomis",
            "price": "€7.70"
          },
          {
            "name": "8. Vištiena su daržovėmis sojos padaže",
            "desc": "Dienos Pietūs. Patiekiama su ryžiais ir kopūstų salotomis",
            "price": "€7.70"
          },
          {
            "name": "9. Saldžiarūgščiai aštri kiauliena su svogūnais ir grybais",
            "desc": "Dienos Pietūs. Patiekiama su ryžiais ir kopūstų salotomis",
            "price": "€8.00"
          },
          {
            "name": "10. Kiauliena su šparaginėmis pupelėmis sojos padaže",
            "desc": "Dienos Pietūs. Patiekiama su ryžiais ir kopūstų salotomis",
            "price": "€8.00"
          },
          {
            "name": "11. Kiauliena su pekino kopūstais sojos padaže",
            "desc": "Dienos Pietūs. Patiekiama su ryžiais ir kopūstų salotomis",
            "price": "€8.00"
          },
          {
            "name": "12. Menkė su daržovėmis sojos padaže",
            "desc": "Dienos Pietūs. Patiekiama su ryžiais ir kopūstų salotomis.",
            "price": "€8.00"
          },
          {
            "name": "13. Jautiena su daržovėmis sojos padaže",
            "desc": "Dienos Pietūs. Patiekiama su ryžiais ir kopūstų salotomis",
            "price": "€8.00"
          },
          {
            "name": "14. Aštri Ziran jautiena",
            "desc": "Dienos Pietūs. Patiekiama su ryžiais ir kopūstų salotomis",
            "price": "€8.00"
          },
          {
            "name": "15. Traški jautiena su saldžiarūgščiai aštriu padažu",
            "desc": "Dienos Pietūs. Patiekiama su ryžiais ir kopūstų salotomis",
            "price": "€8.00"
          },
          {
            "name": "16. Traškūs aštrūs baklažanai sojos padaže",
            "desc": "Dienos Pietūs. Patiekiama su ryžiais ir kopūstų salotomis",
            "price": "€8.00"
          },
          {
            "name": "17. Traškūs saldžiarūgščiai baklažanai",
            "desc": "Dienos Pietūs. Patiekiama su ryžiais ir kopūstų salotomis",
            "price": "€8.00"
          },
          {
            "name": "18. Makaronai su vištiena saldžiarūgščiai aštrūs",
            "desc": "Dienos Pietūs. Patiekiama su ryžiais ir kopūstų salotomis",
            "price": "€8.00"
          },
          {
            "name": "19. Makaronai su jautiena ir juodaisiais pipirais",
            "desc": "Dienos Pietūs",
            "price": "€8.00"
          }
        ]
      },
      {
        "category": "Salotos",
        "items": [
          {
            "name": "A1. Saldžiarūgštės Pekino salotos",
            "desc": "(jautiena, sojos makaronai, agurkai, morkos, juodieji grybai)",
            "price": "€7.70"
          },
          {
            "name": "A2. Aštrios jautienos salotos",
            "desc": "(jautiena, agurkai, paprika, žemės riešutai, sojos padažas)",
            "price": "€8.70"
          },
          {
            "name": "A3. Salotos Cheng long",
            "desc": "(Pekino kopūstai, jūros kopūstai, agurkai, morkos, krevetės, sojos padažas)",
            "price": "€7.70"
          },
          {
            "name": "A4. Kalmarų salotos",
            "desc": "(kalmarai, brokoliai, morkos, česnakai, sojos padažas)",
            "price": "€9.20"
          },
          {
            "name": "A5 Aštrios jūros kopūstų salotos",
            "desc": "(jūros kopūstai, morkos, agurkai, sojos makaronai, česnakai, sojos padažas)",
            "price": "€7.70"
          }
        ]
      },
      {
        "category": "Sriubos",
        "items": [
          {
            "name": "B1 Sriuba VAKARŲ EŽERAS",
            "desc": "(jautiena, Xianggu grybai, kiaušiniai, porai)",
            "price": "€5.20"
          },
          {
            "name": "B2 Saldžiarūgščiai aštri baltųjų grybų sriuba",
            "desc": "(baltieji grybai, vištiena, porai)",
            "price": "€5.20"
          },
          {
            "name": "B3 Aštri jūros gerybių sriuba",
            "desc": "(moliuskai, krevetės, Pekino kopūstai, morkos)",
            "price": "€7.70"
          },
          {
            "name": "B4 Kiniška koldūnų sriuba",
            "desc": "(koldūnai, Pekino kopūstai, Xianggu grybai, porai)",
            "price": "€6.20"
          },
          {
            "name": "B5 Rūgsčiai aštri vištienos sriuba",
            "desc": "(vištiena, pomidorai, baltieji grybai, porai)",
            "price": "€5.20"
          }
        ]
      },
      {
        "category": "Ryžiai",
        "items": [
          {
            "name": "N1 Virti ryžiai",
            "desc": "Ryžiai",
            "price": "€2.20"
          },
          {
            "name": "N2 Kepti ryžiai su kiaušiniais",
            "desc": "",
            "price": "€3.20"
          },
          {
            "name": "N3 Kepti ryžiai su vištiena, daržovėmis sojos padaže",
            "desc": "",
            "price": "€5.00"
          },
          {
            "name": "N4 Kepti ryžiai su daržovėmis, antiena sojos padaže",
            "desc": "",
            "price": "€5.00"
          }
        ]
      },
      {
        "category": "Vištienos patiekalai",
        "items": [
          {
            "name": "C1 Saldžiarūgščiai aštri vištiena GONG BAO",
            "desc": "(vištiena, morkos, paprika, žemės riešutai)",
            "price": "€13.70"
          },
          {
            "name": "C2 Traški saldžiarūgštė vištiena GUO BAO",
            "desc": "",
            "price": "€13.70"
          },
          {
            "name": "C3 Žuvies skonio vištiena saldžiarūgščiai aštriame padaže",
            "desc": "(vištiena, juodieji grybai, paprika, morkos)",
            "price": "€13.70"
          },
          {
            "name": "C4 Džiūvėsėliuose apkepta vištiena",
            "desc": "(vištiena, aštrus padažas, saldžiarūgštis padažas)",
            "price": "€13.70"
          },
          {
            "name": "C5 Traški saldžiarūgštė vištiena KAIP VYŠNIA",
            "desc": "",
            "price": "€13.70"
          },
          {
            "name": "C6 Vištienos šlaunelių gabaliukai su čili pipirais",
            "desc": "(vištiena, paprika, svogūnai)",
            "price": "€13.70"
          },
          {
            "name": "C7 Vištiena įkaitintoje keptuvėje",
            "desc": "(vištiena, morkos, bambukai, svogūnai, sojos padažas)",
            "price": "€15.70"
          }
        ]
      },
      {
        "category": "Kiaulienos patiekalai",
        "items": [
          {
            "name": "D1 Žuvies skonio kiauliena saldžiarūgščiai aštriame padaže",
            "desc": "(kiauliena, morkos, bambukai, juodieji grybai)",
            "price": "€14.20"
          },
          {
            "name": "D2 Kiauliena su bambukais ir Xianggu grybais sojos padaže",
            "desc": "",
            "price": "€14.20"
          },
          {
            "name": "D3 Aštrūs šonkauliukai sojos padaže su šparaginėmis pupelėmis",
            "desc": "",
            "price": "€14.20"
          },
          {
            "name": "D4 Saldžiarūgščiai šonkauliukai",
            "desc": "",
            "price": "€14.20"
          }
        ]
      },
      {
        "category": "Jautienos patiekalai",
        "items": [
          {
            "name": "E1 Aštri jautiena SIČUAN",
            "desc": "(jautiena, Pekino kopūstai, juodieji grybai, porai, sojos padažas)",
            "price": "€16.20"
          },
          {
            "name": "E2 Traški saldžiarūgštė jautiena GUO BAO",
            "desc": "",
            "price": "€15.20"
          },
          {
            "name": "E3 Traški jautiena saldžiarūgščiai aštriame padaže",
            "desc": "(jautiena, paprika, morkos, juodieji grybai)",
            "price": "€15.20"
          },
          {
            "name": "E4 Jautiena su svogūnais sojos padaže",
            "desc": "",
            "price": "€15.20"
          },
          {
            "name": "E5 Jautiena įkaitintoje keptuvėje",
            "desc": "(jautiena, morkos, bambukai, svogūnai, sojos padažas)",
            "price": "€17.20"
          },
          {
            "name": "E6 Žuvies skonio jautiena saldžiarūgščiai aštriame padaže",
            "desc": "(jautiena, morkos, bambukai, juodieji grybai)",
            "price": "€15.20"
          }
        ]
      },
      {
        "category": "Avienos patiekalai",
        "items": [
          {
            "name": "F1 Aviena su svogūnais ir morkomis sojos padaže",
            "desc": "",
            "price": "€16.20"
          },
          {
            "name": "F2 Aštri aviena ZIRAN",
            "desc": "(aviena, paprika, svogūnai, sojos padažas)",
            "price": "€16.20"
          }
        ]
      },
      {
        "category": "Jūros gėrybių patiekalai",
        "items": [
          {
            "name": "H1 Traškios krevetės",
            "desc": "(krevetės, aštrus padažas, saldriarūgštis padažas)",
            "price": "€14.20"
          },
          {
            "name": "H3. Troškintos krevetės ir kalmarai",
            "desc": "(krevetės, brokoliai, svogūnai, sojos padažas)",
            "price": "€17.20"
          }
        ]
      },
      {
        "category": "Žuvies patiekalai",
        "items": [
          {
            "name": "H4 Traškus žuvies skonio karpis saldžiarūgščiai aštriame padaže",
            "desc": "(karpis, juodieji grybai, paprika)",
            "price": "€16.20"
          }
        ]
      },
      {
        "category": "Antienos patiekalai",
        "items": [
          {
            "name": "G1 Traški antiena sojos padaže",
            "desc": "",
            "price": "€17.20"
          },
          {
            "name": "G2 Žuvies skonio antiena saldžiarūgščiai aštriame padaže",
            "desc": "(antiena, morkos, bambukai, juodieji grybai)",
            "price": "€17.20"
          },
          {
            "name": "G3 Pekino antis",
            "desc": "(antiena, marinuoti agurkai, porai, paplotėliai)",
            "price": "€20.20"
          }
        ]
      },
      {
        "category": "Daržovių patiekalai",
        "items": [
          {
            "name": "V1Troškinti brokoliai",
            "desc": "(brokoliai, morkos, česnakai, sojos padažas)",
            "price": "€12.20"
          },
          {
            "name": "V2 Traškūs baklažanai su paprika sojos padaže",
            "desc": "",
            "price": "€12.20"
          },
          {
            "name": "V3 Traškūs žuvies skonio baklažanai saldžiarūgščiai aštriame padaže",
            "desc": "(baklažanai, paprika, juodieji grybai)",
            "price": "€12.20"
          },
          {
            "name": "V4 Troškintos daržovės sojos padaže",
            "desc": "(bambukai, paprika, morkos, brokoliai, šparaginės pupelės)",
            "price": "€12.20"
          }
        ]
      },
      {
        "category": "Kiti patiekalai",
        "items": [
          {
            "name": "N5 Kepti makaronai su jūros gerybėmis",
            "desc": "(moliuskai, krevetės, šparaginės pupelės, svogūnai, sojos padažas)",
            "price": "€10.70"
          }
        ]
      },
      {
        "category": "Desertai",
        "items": [
          {
            "name": "K1 Obuoliai karamelėje",
            "desc": "",
            "price": "€9.70"
          },
          {
            "name": "K2 Kiniški blyneliai",
            "desc": "",
            "price": "€9.70"
          },
          {
            "name": "K3 Bananai karamelėje",
            "desc": "",
            "price": "€9.70"
          }
        ]
      },
      {
        "category": "Gėrimai",
        "items": [
          {
            "name": "Coca cola 0,25 l",
            "desc": "",
            "price": "€1.80"
          },
          {
            "name": "Coca cola 0,5 l",
            "desc": "",
            "price": "€2.00"
          },
          {
            "name": "Fanta 0,25 l",
            "desc": "",
            "price": "€1.80"
          },
          {
            "name": "Fanta 0,5 l",
            "desc": "",
            "price": "€2.00"
          },
          {
            "name": "Sprite 0,25 l",
            "desc": "",
            "price": "€1.80"
          },
          {
            "name": "Sprite 0,5 l",
            "desc": "",
            "price": "€2.00"
          },
          {
            "name": "Negazuotas mineralinis vanduo",
            "desc": "",
            "price": "€1.80"
          },
          {
            "name": "Gazuotas mineralinis vanduo",
            "desc": "",
            "price": "€1.80"
          },
          {
            "name": "Gira",
            "desc": "",
            "price": "€1.80"
          },
          {
            "name": "Pomidorų sultys 1 l",
            "desc": "",
            "price": "€5.00"
          }
        ]
      },
      {
        "category": "Užkandžiai",
        "items": [
          {
            "name": "S1 Kepti tešlos suktinukai su daržovėmis",
            "desc": "",
            "price": "€7.20"
          },
          {
            "name": "S2 Aštrūs traškūs kalmarai",
            "desc": "",
            "price": "€9.20"
          },
          {
            "name": "S3 Traškūs Xianggu grybai",
            "desc": "",
            "price": "€8.20"
          }
        ]
      }
    ]
  },
  {
    "address": "Vokiečių g. 14",
    "location": [
      25.283937501319343,
      54.67892459807146
    ],
    "name": "Pizza Marinara",
    "rating": {
      "rating": 4,
      "score": 9.2
    },
    "short_description": "Tikros itališkos picos iš aukščiausios kokybės itališkų ingredientų",
    "id": "marinara",
    "tags": [
      "itališka",
      "pica",
      "vegetariška"
    ],
    "distance": "0.7 km",
    "duration": 9,
    "menu": [
      {
        "category": "Picos 33 cm",
        "items": [
          {
            "name": "Tonno",
            "desc": "Fior di latte mocarela, pelati di puglia pomidorai, tunas, svogūnai, kaparėliai",
            "price": "€17.00"
          },
          {
            "name": "Pepperoni",
            "desc": "Fior di latte mocarela, pelati di puglia pomidorai, pepperoni dešra, bazilikas",
            "price": "€15.00"
          },
          {
            "name": "Mortadella",
            "desc": "Fior di latte mocarela, Mortadella kumpis, pistacijos",
            "price": "€17.00"
          },
          {
            "name": "Margherita",
            "desc": "Fior di latte mocarela, pelati di puglia pomidorai, bazilikas",
            "price": "€13.00"
          },
          {
            "name": "Prosciutto Cotto",
            "desc": "Fior di latte mocarela, pelati di puglia pomidorai, Prociutto cotto virtas kumpis, bazilikas",
            "price": "€15.00"
          },
          {
            "name": "Funghi e Tartufo",
            "desc": "Fior di latte mocarela, pelati di puglia pomidorai, Portobello grybai, trumų aliejus",
            "price": "€15.00"
          },
          {
            "name": "Prosciutto e Funghi",
            "desc": "Fior di latte mocarela, pelati di puglia pomidorai, Prociutto cotto virtas kumpis, Portobello grybai",
            "price": "€15.00"
          },
          {
            "name": "Pizza Di Casa🌶",
            "desc": "Fior di latte mocarela, pelati di puglia pomidorai, Burrata sūris, Ventrichina dešra, jelapenai, čili pipirai",
            "price": "€16.00"
          },
          {
            "name": "Diavola🌶",
            "desc": "Fior di latte mocarela, pellati di puglia pomidorai, Ventrichina dešra, jelapenai",
            "price": "€15.00"
          },
          {
            "name": "Parma",
            "desc": "Fior di latte mocarela, pelati di puglia pomidorai, Prociutto crudo vytintas kumpis, parmezanas, gražgarstės",
            "price": "€16.00"
          },
          {
            "name": "Calzone🌶",
            "desc": "Fior di latte mocarela, pelati di puglia pomidorai, Prosciutto cotto kumpis, jelapenai, čili aliejus, bazilikas",
            "price": "€15.00"
          },
          {
            "name": "Quattro Formaggi",
            "desc": "Fior di latte mocarela, Gorgonzola sūris, Fontina sūris, parmezanas, bazilikas",
            "price": "€15.00"
          },
          {
            "name": "Salsiccia Picante e Gorgonzola",
            "desc": "Fior di latte mocarela, pelati di puglia pomidorai,, gorgonzola, salami salsiccia piccante, figu dzemas,",
            "price": "€15.00"
          },
          {
            "name": "Nduja e Napoli🌶",
            "desc": "Fior di latte mocarela, pelati di puglia pomidorai, nduja desra, nappli salamis",
            "price": "€15.00"
          },
          {
            "name": "Papricana",
            "desc": "Fior di latte mocarela, pelati di puglia pomidorai, Grilled and marinated paprika, parmesan, basil.",
            "price": "€15.00"
          }
        ]
      },
      {
        "category": "Gėrimai",
        "items": [
          {
            "name": "Coca-Cola 330 ml",
            "desc": "",
            "price": "€3.00\nExcl. €0.10 deposit"
          },
          {
            "name": "Coca-Cola Zero 330 ml",
            "desc": "",
            "price": "€3.00\nExcl. €0.10 deposit"
          },
          {
            "name": "Fanta 330 ml",
            "desc": "",
            "price": "€3.00\nExcl. €0.10 deposit"
          },
          {
            "name": "Sprite 330 ml",
            "desc": "",
            "price": "€3.00\n(330 ml, €9.09/l)"
          },
          {
            "name": "Smetoniška gira 330 ml",
            "desc": "",
            "price": "€3.00\nExcl. €0.10 deposit"
          }
        ]
      }
    ]
  },
  {
    "address": "Vingrių g. 25A",
    "location": [
      25.2792747,
      54.6773373
    ],
    "name": "Mažoji Himalaja",
    "rating": {
      "rating": 4,
      "score": 9.2
    },
    "short_description": "Išskirtinis nepalietiškas maistas",
    "id": "maoji-himalaja",
    "tags": [
      "Indiška",
      "nepalietiška"
    ],
    "distance": "0.5 km",
    "duration": 7,
    "menu": [
      {
        "category": "Užkandžiai",
        "items": [
          {
            "name": "Svogūnų Bhaji 🌱",
            "desc": "Apkepti svogūnų gabalėliai su šviežiu čili padažu, padengti avinžirnių miltais, svogūnu laiškais, kumino ir Ajwain sėklomis",
            "price": "€6.00"
          },
          {
            "name": "Daržovių Samosa 🌱",
            "desc": "Kvietinių miltų pyragėliai įdaryti bulvėmis, svogūnais, žirneliais, morkomis ir žemės riešutais",
            "price": "€7.00"
          },
          {
            "name": "Panyro Samosa",
            "desc": "Kvietinių miltų pyragėliai įdaryti naminiu varškės sūriu, svogūnais ir špinatais",
            "price": "€7.50"
          }
        ]
      },
      {
        "category": "Sriubos",
        "items": [
          {
            "name": "Tradicinė nepalietiška \"Kwati\" (vegan)",
            "desc": "Su septynių rūšių lęšiais, lęšių daigais, pomidorais, svogūnais, česnakais, imbieru, šviežia kalendra ir ypatingais \"Panch Puran\" prieskoniais",
            "price": "€6.00"
          },
          {
            "name": "Vištienos ypatingoji",
            "desc": "Su šviežiais špinatais ir šviežiais pomidorais",
            "price": "€6.00"
          },
          {
            "name": "Ėrienos aštrioji 🌶️",
            "desc": "Su raudonaisiais lęšiais, pomidorais, svogūnais, imbiero ir česnakų pasta, garam masala prieskoniais ir šviežia kalendra",
            "price": "€8.00"
          }
        ]
      },
      {
        "category": "Karštieji patiekalai",
        "items": [
          {
            "name": "Chana Masala 🌱",
            "desc": "Avinžirnių troškinys su Garam Masala, pomidorais ir česnakais",
            "price": "€8.50"
          },
          {
            "name": "Daržovių Korma",
            "desc": "Sezoninės daržovės anakardžių riešutų padaže su grietinėle",
            "price": "€9.00"
          },
          {
            "name": "Paneer Masala",
            "desc": "Aromatingas naminio sūrio troškinys su pomidorais, svogūnais ir imbieru",
            "price": "€10.00"
          },
          {
            "name": "Matar Paneer",
            "desc": "Naminis varškės sūris su žaliaisiais žirneliais aromatingame masala padaže",
            "price": "€9.50"
          },
          {
            "name": "Butter Chicken",
            "desc": "Vištienos krūtinėlė sviesto, grietinėlės, pomidorų ir svogūnų padaže",
            "price": "€10.50"
          },
          {
            "name": "Daržovių Sabji 🌱",
            "desc": "Troškintos daržovės su svogūnais, česnakais, imbieru ir pomidorais",
            "price": "€9.00"
          },
          {
            "name": "Palak Paneer",
            "desc": "Naminis sūris švelniame špinatų ir grietinėlės padaže",
            "price": "€10.00"
          },
          {
            "name": "Vištienos Sabji",
            "desc": "Vištiena nepalietiškai su špinatais, pomidorais ir kariu",
            "price": "€10.50"
          },
          {
            "name": "Vištienos Tikka Masala",
            "desc": "Aromatinga vištienos krūtinėlė marinuota jogurte ir pomidorų padaže",
            "price": "€10.50"
          },
          {
            "name": "Vištienos Korma",
            "desc": "Kepta vištiena švelniame anakardžių padaže su grietinėle",
            "price": "€10.50"
          },
          {
            "name": "Ėrienos Sabji",
            "desc": "Troškinta ėriena nepalietiškame kario padaže su šviežia kalendra",
            "price": "€15.00"
          },
          {
            "name": "Ėrienos Korma",
            "desc": "Troškinta ėriena švelniame anakardžių padaže su grietinėle",
            "price": "€15.00"
          },
          {
            "name": "Ėrienos Butter Masala",
            "desc": "Troškinta ėriena sviesto, grietinėlės, pomidorų ir svogūnų padaže",
            "price": "€15.00"
          },
          {
            "name": "Daržovių Masala curry",
            "desc": "cukinijos, baklažanu , paprika , žiedinių kopūstų ,brokoliai šviežių pomidorų kūbeliai , šviežios kalendros ir aromatinga masalo padaže .",
            "price": "€9.00"
          },
          {
            "name": "Paneer veg. Masala curry",
            "desc": "Panyro sūrio , cukinijos , baklažanų , paprika , žiedini kopūstų , brokoliai , šviežių pomidorų kubeliai , šviežios kalendros aromatinga masala padaže",
            "price": "€10.00"
          }
        ]
      },
      {
        "category": "Papildomai",
        "items": [
          {
            "name": "Šviežia naan duonelė kepta tandoori krosnyje su sviestu",
            "desc": "",
            "price": "€2.00"
          },
          {
            "name": "Šviežia naan duonelė su česnaku ir žolelėmis",
            "desc": "",
            "price": "€2.00"
          },
          {
            "name": "Basmati ryžiai",
            "desc": "",
            "price": "€3.00"
          },
          {
            "name": "Ryžiai su sojos padažu",
            "desc": "Kepti basmati ryžiai su brokoliais, kopūstais, svogūnais ir sojos padažu bei sezamo aliejumi",
            "price": "€4.50"
          },
          {
            "name": "Šviežia naan duonelė su sezamo sėklomis",
            "desc": "",
            "price": "€2.00"
          },
          {
            "name": "Basmati ryžiai su keptu kiaušiniu",
            "desc": "",
            "price": "€4.50"
          }
        ]
      },
      {
        "category": "Desertai",
        "items": [
          {
            "name": "Soan Papdi",
            "desc": "Lengvas ir purus desertas pagamintas iš kardamonų, pistacijų ir migdolų",
            "price": "€4.50"
          },
          {
            "name": "Mango lassi",
            "desc": "Vaisių kokteilis su jogurtu, mėtomis ir kardamonu",
            "price": "€4.50"
          }
        ]
      },
      {
        "category": "Gėrimai",
        "items": [
          {
            "name": "Coca cola 0,25 l",
            "desc": "",
            "price": "€2.20"
          },
          {
            "name": "Coca cola Zero 0,25 l",
            "desc": "",
            "price": "€2.20"
          },
          {
            "name": "Sprite 0,25 l",
            "desc": "",
            "price": "€2.20"
          },
          {
            "name": "Fanta 0,25 l",
            "desc": "",
            "price": "€2.20"
          },
          {
            "name": "Indian tonic water 0,2 l",
            "desc": "",
            "price": "€2.50"
          },
          {
            "name": "Heineken nealkoholinis alus 0,33 l",
            "desc": "",
            "price": "€2.50"
          },
          {
            "name": "Granini apelsinų sultys 0,25 l",
            "desc": "",
            "price": "€2.20"
          },
          {
            "name": "Granini obuolių sultys 0,25 l",
            "desc": "",
            "price": "€2.20"
          },
          {
            "name": "Granini mutivitaminų sultys 0,25 l",
            "desc": "",
            "price": "€2.20"
          },
          {
            "name": "Granini pomidorų sultys 0,25 l",
            "desc": "",
            "price": "€2.20"
          },
          {
            "name": "Ginger beer 0,2 l",
            "desc": "",
            "price": "€2.50"
          },
          {
            "name": "Spicy ginger ale 0,2 l",
            "desc": "",
            "price": "€2.50"
          }
        ]
      }
    ]
  },
  {
    "address": "Švitrigailos g. 16",
    "location": [
      25.267779082169,
      54.67712827242677
    ],
    "name": "Pizza di Ascari",
    "rating": {
      "rating": 4,
      "score": 9.2
    },
    "short_description": "Su meile gaminama ir 500°C kepama pica!",
    "id": "pizza-di-ascari",
    "tags": [
      "pica",
      "itališka",
      "gėrimai"
    ],
    "distance": "0.8 km",
    "duration": 12,
    "menu": [
      {
        "category": "PIZZA ~32 CM",
        "items": [
          {
            "name": "Carbonara",
            "desc": "Tomato sauce, mozzarella, bacon, onions, egg, oregano, olive oil",
            "price": "€13.80"
          },
          {
            "name": "Margherita",
            "desc": "Tomato sauce, mozzarella, basil, oregano, olive oil",
            "price": "€10.90"
          },
          {
            "name": "Capricciosa",
            "desc": "Tomato sauce, mozzarella, ham, mushrooms, oregano, olive oil",
            "price": "€13.80"
          },
          {
            "name": "Pepperoni 🌶️",
            "desc": "Tomato sauce, mozzarella, pepperoni, oregano, olive oil",
            "price": "€13.80"
          },
          {
            "name": "Meat lover's",
            "desc": "Tomato sauce, mozzarella, mushrooms, ham, pepperoni, bacon, chicken, oregano, olive oil",
            "price": "€13.80"
          },
          {
            "name": "Vegetariana",
            "desc": "Tomato sauce, mozzarella, mushrooms, tomatoes, parmesan, rucola, oregano, olive oil",
            "price": "€13.80"
          },
          {
            "name": "Chorizo 🌶️",
            "desc": "Tomato sauce, mozzarella, chorizo, sun-dried tomatoes, basil, oregano, olive oil",
            "price": "€13.80"
          },
          {
            "name": "Guerra dei funghi",
            "desc": "Tomato sauce, mozzarella, bacon, onions, paprika, bell peppers, oregano, olive oil",
            "price": "€13.80"
          },
          {
            "name": "Freschezza 🌶️",
            "desc": "Tomato sauce, mozzarella, bacon, paprika, jalapeño, pineapple, oregano, olive oil",
            "price": "€13.80"
          },
          {
            "name": "Exotica",
            "desc": "Tomato sauce, mozzarella, ham, pineapple, oregano, olive oil",
            "price": "€13.80"
          },
          {
            "name": "Nduja 🌶️🌶️🌶️",
            "desc": "Tomato sauce, mozzarella, nduja, onions, jalapeno, oregano, olive oil",
            "price": "€13.80"
          },
          {
            "name": "Prosciutto and rucola",
            "desc": "Tomato sauce, mozzarella, prosciutto, parmesan, rucola, oregano, olive oil",
            "price": "€13.80"
          },
          {
            "name": "Pollo con barbeque",
            "desc": "Tomato sauce, mozzarella, chicken, paprika, mushrooms, BBQ sauce, oregano, olive oil",
            "price": "€13.80"
          },
          {
            "name": "Diavolo 🌶️🌶️",
            "desc": "Tomato sauce, mozzarella, bacon, pepperoni, onions, jalapenos, garlic, oregano, olive oil",
            "price": "€13.80"
          },
          {
            "name": "Sogno verde",
            "desc": "Spinach sauce, mozzarella, mushrooms, tomatoes, artichokes, oregano, olive oil",
            "price": "€13.80"
          },
          {
            "name": "Quatro stagioni",
            "desc": "Tomato sauce, mozzarella, ham, artichokes, olives, mushrooms, oregano, olive oil",
            "price": "€13.80"
          },
          {
            "name": "Quatro formaggi",
            "desc": "Tomato sauce, mozzarella, parmesan, feta, memel blue, oregano, olive oil",
            "price": "€13.80"
          },
          {
            "name": "Barbeque",
            "desc": "BBQ sauce, mozzarella, bacon, chicken, mushrooms, onions, oregano",
            "price": "€13.80"
          }
        ]
      },
      {
        "category": "NEW!!!",
        "items": [
          {
            "name": "Tuna",
            "desc": "Tomato sauce, mozzarella, tuna, olives, onions, oregano",
            "price": "€13.80"
          },
          {
            "name": "Romana",
            "desc": "Tomato sauce, mozzarella, sun-dried tomatoes, anchovies, capers, oregano",
            "price": "€13.80"
          },
          {
            "name": "Marinara",
            "desc": "Tomato sauce, sun-dried tomatoes, garlic, oregano, basil, olive oil",
            "price": "€13.80"
          }
        ]
      },
      {
        "category": "GOURMET PIZZA",
        "items": [
          {
            "name": "Boletus edulis",
            "desc": "Creamy cheese sauce, mozzarella, boletus, gorgonzola dolce cheese, oregano, olive oil",
            "price": "€14.80"
          },
          {
            "name": "Pere al gorgonzola and prosciutto",
            "desc": "Olive oil, mozzarella, prosciutto, gorgonzola, pear, honey.",
            "price": "€13.80"
          }
        ]
      },
      {
        "category": "DRINKS",
        "items": [
          {
            "name": "Pepsi 0.33 l",
            "desc": "",
            "price": "€2.90"
          },
          {
            "name": "Non-alcoholic beer Vilkmergės Premium 0.41 l",
            "desc": "",
            "price": "€3.50"
          }
        ]
      }
    ]
  },
  {
    "address": "Tai virtuali vieta",
    "location": [
      25.26642233133316,
      54.680743813750276
    ],
    "name": "Močiutės cepelinai",
    "rating": {
      "rating": 4,
      "score": 9
    },
    "short_description": "Unikalaus recepto cepelinai || Šis restoranas priklauso ir jį valdo UAB \"Džigora\", kuris yra atsakinga už parduodamas prekes. Visą informaciją apie parduodamus produktus pateikia pardavėjas",
    "id": "mociutes-cepelinai",
    "tags": [
      "lietuviška",
      "cepelinai",
      "desertas"
    ],
    "distance": "0.8 km",
    "duration": 12,
    "menu": [
      {
        "category": "Karštieji patiekalai",
        "items": [
          {
            "name": "Močiutės cepelinai su mėsa",
            "desc": "Patiekiami su grietinės ir spirgučių padažu (padažo patiekti atskirai (tik grietinę/tik spirgučius) galimybės nėra)",
            "price": "€8.90"
          },
          {
            "name": "Močiutės cepelinai su varške",
            "desc": "Patiekiami su grietinės ir sviesto padažu (padaže nedėti vieno iš ingredientų galimybės nėra)",
            "price": "€8.90"
          },
          {
            "name": "Kepti cepelinai su mėsa",
            "desc": "Patiekiami su grietinės ir spirgučių padažu (padažo patiekti atskirai (tik grietinę/tik spirgučius) galimybės nėra)",
            "price": "€8.90\n(2 pcs, €4.45/pc)"
          },
          {
            "name": "Anūkėlio kiaulienos šašlykas",
            "desc": "Malkiniame grilyje keptas kiaulienos šašlykas su garnyru",
            "price": "€11.80"
          },
          {
            "name": "Anūkėlio vištienos šašlykas",
            "desc": "Malkiniame grilyje keptas vištienos šašlykas su garnyru",
            "price": "€11.80"
          },
          {
            "name": "Vištienos grill kepsnys",
            "desc": "Malkiniame grilyje keptas vištienos kepsnys su garnyru",
            "price": "€10.90"
          },
          {
            "name": "Kiaulienos grill kepsnys",
            "desc": "Malkiniame grilyje keptas kiaulienos kepsnys su garnyru",
            "price": "€11.50"
          },
          {
            "name": "Lašišos grill kepsnys",
            "desc": "Malkiniame grilyje keptas lašišos kepsnys su garnyru",
            "price": "€15.50"
          },
          {
            "name": "BBQ grill šonkauliukai",
            "desc": "Malkiniame grilyje kepti BBQ kiaulienos šonkauliai su garnyru",
            "price": "€14.90"
          },
          {
            "name": "Anūkėlio šoninė",
            "desc": "Malkiniame grilyje kepta kiaulienos šoninė su garnyru",
            "price": "€10.50"
          },
          {
            "name": "Kaimiška naminė storapadė pica",
            "desc": "Padažas, sūris, kumpis, svogūnai",
            "price": "€14.90"
          }
        ]
      },
      {
        "category": "Sriubos",
        "items": [
          {
            "name": "Dienos sriuba",
            "desc": "",
            "price": "€4.00"
          },
          {
            "name": "Charčio",
            "desc": "",
            "price": "€7.50"
          },
          {
            "name": "Šaltibarščiai",
            "desc": "",
            "price": "€5.80"
          }
        ]
      },
      {
        "category": "Užkandžiai",
        "items": [
          {
            "name": "Sumuštinukų rinkinys su lašiša ir silke",
            "desc": "Dviejų rūšių sumuštiniai (su lašiša, su silke), alyvuogės, marinuoti svogūnėliai, konservuoti agurkai",
            "price": "€30.00"
          },
          {
            "name": "Sparnelių ir keptos duonos užkandžių rinkinys",
            "desc": "Užkandžių rinkinį sudaro: vištienos sparneliai, kepta duona, alyvuogės, konservuoti svogūnėliai, vynuoginiai pomidoriukai, BBQ padažas, sūrio padažas",
            "price": "€29.00"
          },
          {
            "name": "Lašinių užkandėlė",
            "desc": "Užkandžių rinkinį sudaro: sūdyti lašiniai (iš ūkininkų), krienų padažas, mėlynieji svogūnai, konservuoti agurkai, konservuoti svogūnėliai, duona, alyvuogės, vynuoginiai pomidoriukai",
            "price": "€16.00"
          },
          {
            "name": "Skrudintos bulvytės Fri",
            "desc": "",
            "price": "€4.50"
          },
          {
            "name": "Kepta duona su česnaku",
            "desc": "",
            "price": "€4.50"
          },
          {
            "name": "Kepta duona su česnaku ir sūrio padažu",
            "desc": "",
            "price": "€5.50"
          }
        ]
      },
      {
        "category": "Desertai",
        "items": [
          {
            "name": "Naminis obuolių pyragas",
            "desc": "",
            "price": "€5.90"
          },
          {
            "name": "Naminis varškės štrudelis",
            "desc": "",
            "price": "€5.90"
          },
          {
            "name": "Naminis sūrio pyragas",
            "desc": "",
            "price": "€5.90"
          },
          {
            "name": "Karamelinis šakočio tinginys",
            "desc": "",
            "price": "€5.90"
          },
          {
            "name": "Šokoladinis šakočio tinginys",
            "desc": "",
            "price": "€5.90"
          }
        ]
      },
      {
        "category": "Gėrimai",
        "items": [
          {
            "name": "Smetoniška gira 500 ml",
            "desc": "",
            "price": "€3.60"
          },
          {
            "name": "Coca-Cola 330 ml",
            "desc": "",
            "price": "€2.10\n(330 ml, €6.06/l)"
          },
          {
            "name": "Fanta 330 ml",
            "desc": "",
            "price": "€2.10\n(330 ml, €6.06/l)"
          },
          {
            "name": "Sprite 330 ml",
            "desc": "",
            "price": "€2.10\n(330 ml, €6.06/l)"
          },
          {
            "name": "Nealkoholinis alus Warsteiner 330 ml",
            "desc": "Vokiškas nealkoholinis šviesusis lager tipo alus, puikaus subalansuoto skonio ir aromato",
            "price": "€4.60"
          },
          {
            "name": "Coca-Cola 500 ml",
            "desc": "",
            "price": "€2.60\n(500 ml, €5.00/l)"
          },
          {
            "name": "Sprite 500 ml",
            "desc": "",
            "price": "€2.60\n(500 ml, €5.00/l)"
          },
          {
            "name": "Fanta 500 ml",
            "desc": "",
            "price": "€2.60"
          },
          {
            "name": "Naminė spanguolių gira 500 ml",
            "desc": "",
            "price": "€2.50"
          }
        ]
      },
      {
        "category": "Alkoholiniai gėrimai",
        "items": [
          {
            "name": "Šviesusis alus Volfas Engelman Balta Pinta, 5%, 560 ml",
            "desc": "Vartodami alkoholį, rizikuojate savo sveikata, šeimos ir visuomenės gerove",
            "price": "€4.60\n(5% vol)"
          },
          {
            "name": "Šviesusis alus Volfas Engelman Blanc, 5%, 568 ml",
            "desc": "Vartodami alkoholį, rizikuojate savo sveikata, šeimos ir visuomenės gerove",
            "price": "€4.60\n(5% vol)"
          },
          {
            "name": "Alaus kokteilis Volfas Engelman Vyšnių Kriek, 4%, 568 ml",
            "desc": "Vartodami alkoholį, rizikuojate savo sveikata, šeimos ir visuomenės gerove",
            "price": "€4.60\n(4% vol)"
          },
          {
            "name": "Šviesusis alus Warsteiner, 4,8%, 330 ml",
            "desc": "Vartodami alkoholį, rizikuojate savo sveikata, šeimos ir visuomenės gerove",
            "price": "€4.60\n(4.8% vol)"
          },
          {
            "name": "Sidras Fizz kriaušių skonio, 4,5%, 500 ml",
            "desc": "Vartodami alkoholį, rizikuojate savo sveikata, šeimos ir visuomenės gerove",
            "price": "€4.60\n(4.5% vol)"
          },
          {
            "name": "Putojantis vynas Alita 11%, 700 ml",
            "desc": "Vartodami alkoholį, rizikuojate savo sveikata, šeimos ir visuomenės gerove",
            "price": "€19.00\n(11% vol)"
          },
          {
            "name": "Baltas vynas Calligari Solo Riesling, pusiau saldus 11,5%, 750 ml",
            "desc": "Vartodami alkoholį, rizikuojate savo sveikata, šeimos ir visuomenės gerove",
            "price": "€23.00\n(11.5% vol)"
          },
          {
            "name": "Raudonas vynas Doppio Passo Primitivo Salento, sausas 13%, 750 ml",
            "desc": "Vartodami alkoholį, rizikuojate savo sveikata, šeimos ir visuomenės gerove",
            "price": "€23.00\n(13% vol)"
          },
          {
            "name": "Brendis Torres 5, 38%, 700 ml",
            "desc": "Vartodami alkoholį, rizikuojate savo sveikata, šeimos ir visuomenės gerove",
            "price": "€42.00\n(38% vol)"
          },
          {
            "name": "Degtinė Lithuanian Auksinė, 40%, 700 ml",
            "desc": "Vartodami alkoholį, rizikuojate savo sveikata, šeimos ir visuomenės gerove",
            "price": "€39.00\n(40% vol)"
          },
          {
            "name": "Viskis Jack Daniels, 40%, 700 ml",
            "desc": "Vartodami alkoholį, rizikuojate savo sveikata, šeimos ir visuomenės gerove",
            "price": "€55.00\n(40% vol)"
          },
          {
            "name": "Viskis Jameson 40%, 700 ml",
            "desc": "Vartodami alkoholį, rizikuojate savo sveikata, šeimos ir visuomenės gerove.",
            "price": "€47.00\n(40% vol)"
          }
        ]
      }
    ]
  },
  {
    "address": "Basanavičiaus g 19",
    "location": [
      25.2714668,
      54.6815163
    ],
    "name": "Hong Kongas (Basanavičiaus g.)",
    "rating": {
      "rating": 4,
      "score": 9.2
    },
    "short_description": "Tradiciniai kinų valgiai",
    "id": "hong-kongas-basanaviciaus-g",
    "tags": [
      "vištiena",
      "kiniška",
      "salotos"
    ],
    "distance": "0.3 km",
    "duration": 6,
    "menu": [
      {
        "category": "Dienos pietūs",
        "items": [
          {
            "name": "Vištiena „Gong Bao“ (dienos pietūs) 🌶",
            "desc": "Vištiena, morkos, paprika, juodieji grybai, žemės riešutai",
            "price": "€8.00"
          },
          {
            "name": "Troškinta vištiena su daržovemis saldžiarūgščiame aštriame (Dienos pietūs)",
            "desc": "",
            "price": "€8.00"
          },
          {
            "name": "Vištiena su „Xianggu“ grybais ir bambukai sojos padaže (Dienos pietūs)",
            "desc": "",
            "price": "€8.00"
          },
          {
            "name": "Traški vištiena saldžiarūgščiai aštriame padaže (Dienos pietūs)",
            "desc": "",
            "price": "€8.00"
          },
          {
            "name": "Kiauliena su „Xianggu“ grybais ir bambukai sojos padaže (Dienos pietūs)",
            "desc": "",
            "price": "€8.00"
          },
          {
            "name": "Troškinta kiauliena su daržovemis saldžiarūgščiame aštriame padaže(Dienos pietūs",
            "desc": "",
            "price": "€8.00"
          },
          {
            "name": "Traški kiauliena saldžiarūgščiai aštriame padaže (Dienos pietūs)",
            "desc": "",
            "price": "€8.00"
          },
          {
            "name": "Troškinta jautiena su daržovemis saldžiarūgščiame aštriame padaže(Dienos pietūs)",
            "desc": "",
            "price": "€8.00"
          },
          {
            "name": "Jautiena su „Xianggu“ grybais ir bambukai sojos padaže (Dienos pietūs)",
            "desc": "",
            "price": "€8.00"
          },
          {
            "name": "Traški menkė saldžiarūgščiai aštriame padaže (Dienos pietūs)",
            "desc": "",
            "price": "€8.00"
          },
          {
            "name": "Dienos sriuba",
            "desc": "",
            "price": "€2.80"
          }
        ]
      },
      {
        "category": "Antienos patiekalai",
        "items": [
          {
            "name": "Antiena su juodaisias grybais, morkomis ir paprika sojos aštriame padaže",
            "desc": "",
            "price": "€14.70"
          },
          {
            "name": "Antiena Gaubao",
            "desc": "",
            "price": "€14.70"
          },
          {
            "name": "Kepta antiena su bambukais, morkomis ir Xianggu grybais",
            "desc": "",
            "price": "€14.70"
          }
        ]
      },
      {
        "category": "Šaltieji patiekalai",
        "items": [
          {
            "name": "Naujos kiniškos salotos 🌶",
            "desc": "Agurkai, kiauliena, jūros kopūstai, pekino kopūstai, sojų makaronai, morkos, krevetės",
            "price": "€9.10"
          },
          {
            "name": "Hong Kong salotos 🌶",
            "desc": "Agurkai, juodieji grybai, sojos makaronai, morkos, pekino kopūstai, jūros kopūstai, jautiena",
            "price": "€9.10"
          },
          {
            "name": "Jūros gėrybių kokteilis Mix",
            "desc": "",
            "price": "€10.00"
          }
        ]
      },
      {
        "category": "Vištienos patiekalai",
        "items": [
          {
            "name": "Traški vištiena su daržovėmis saldžiarūgščiai aštriame padaže",
            "desc": "",
            "price": "€12.80"
          },
          {
            "name": "Troškinta vištiena su daržovėmis saldžiarūgščiai aštriame padaže",
            "desc": "",
            "price": "€12.80"
          },
          {
            "name": "Vyšnių formos vištienos gabaliukai saldžiai",
            "desc": "",
            "price": "€13.20"
          },
          {
            "name": "Vištienos kubeliai Gongbao 🌶",
            "desc": "",
            "price": "€12.80"
          },
          {
            "name": "Vištiena su bambukais ir kiniškais grybais Xianggu",
            "desc": "",
            "price": "€12.80"
          },
          {
            "name": "Vištiena su sezamo sėklomis Guobao",
            "desc": "",
            "price": "€13.20"
          },
          {
            "name": "Vištiena su daržovėmis kario padaže",
            "desc": "",
            "price": "€12.80"
          },
          {
            "name": "Vištiena su krevetėmis",
            "desc": "Su brokoliais ir anakardžių riešutais sojos padaže",
            "price": "€13.30"
          }
        ]
      },
      {
        "category": "Kiaulienos patiekalai",
        "items": [
          {
            "name": "Kiauliena su bambukais ir kiniškais grybais Xianggu",
            "desc": "",
            "price": "€12.80"
          },
          {
            "name": "Traškios aštrios sausos kiaulienos juostelės",
            "desc": "",
            "price": "€13.20"
          },
          {
            "name": "Traški kiauliena su sezamo sėklomis Guobao",
            "desc": "",
            "price": "€13.20"
          },
          {
            "name": "Traški kiauliena tešloje saldžiarūgščiame padaže",
            "desc": "",
            "price": "€12.80"
          },
          {
            "name": "Troškinta kiauliena su daržovėmis saldžiarūgščiai aštriame padaže",
            "desc": "",
            "price": "€12.80"
          }
        ]
      },
      {
        "category": "Jūros gėrybių patiekalai",
        "items": [
          {
            "name": "Traškios krevetės saldžiarūgščiame padaže",
            "desc": "",
            "price": "€14.80"
          },
          {
            "name": "Krevetės Gongbao",
            "desc": "",
            "price": "€14.80"
          },
          {
            "name": "Jūros gėrybės su salierais, agurkais ir Xianggu grybais 🌶",
            "desc": "",
            "price": "€14.80"
          },
          {
            "name": "Didelės krevetės su daržovėmis aštriame padaže",
            "desc": "",
            "price": "€19.70"
          },
          {
            "name": "Didelės krevetės su brokoliais",
            "desc": "",
            "price": "€19.70"
          }
        ]
      },
      {
        "category": "Kiti patiekalai",
        "items": [
          {
            "name": "Kepti ryžiai su kiaušiniu",
            "desc": "",
            "price": "€3.50"
          },
          {
            "name": "Virti ryžiai",
            "desc": "",
            "price": "€2.60"
          },
          {
            "name": "Kepti ryžiai su kiaušiniu ir daržovėmis",
            "desc": "",
            "price": "€4.80"
          },
          {
            "name": "Kepti ryžiai su kiaušiniu, daržovėmis ir krevetėmis",
            "desc": "",
            "price": "€5.30"
          },
          {
            "name": "Kepti makaronai su daržovėmis ir kiaušiniu",
            "desc": "",
            "price": "€8.80"
          },
          {
            "name": "Kepti makaronai su daržovėmis, kiaušiniu ir kiauliena",
            "desc": "",
            "price": "€8.80"
          }
        ]
      },
      {
        "category": "Jautienos patiekalai",
        "items": [
          {
            "name": "Troškinta jautiena su daržovėmis (saldžiai aštru)",
            "desc": "",
            "price": "€13.10"
          },
          {
            "name": "Traški jautiena su sezamo sėklomis Guobao",
            "desc": "",
            "price": "€13.70"
          },
          {
            "name": "Jautiena su bambukais ir kiniškais grybais Xianggu",
            "desc": "",
            "price": "€13.10"
          },
          {
            "name": "Jautiena su daržovėmis kario padaže",
            "desc": "",
            "price": "€13.10"
          }
        ]
      },
      {
        "category": "Daržovių patiekalai",
        "items": [
          {
            "name": "Žuvies skonio baklažanai 🌶",
            "desc": "",
            "price": "€12.30"
          },
          {
            "name": "Įvairios daržovės",
            "desc": "Morkos, agurkai, paprika, pekino kopūstai, bambukai, juodieji grybai, pomidorai, pupelių daigai",
            "price": "€8.30"
          },
          {
            "name": "Brokoliai su česnakais",
            "desc": "",
            "price": "€12.30"
          }
        ]
      },
      {
        "category": "Žuvies patiekalai",
        "items": [
          {
            "name": "Aštri kari menkės filė",
            "desc": "",
            "price": "€12.30"
          },
          {
            "name": "Menkės filė tešloje pomidorų padaže",
            "desc": "",
            "price": "€12.30"
          },
          {
            "name": "Menkės filė su juodaisias grybais, morkomis ir paprika",
            "desc": "Saldžiarūgščiame ašriame padaže",
            "price": "€12.30"
          },
          {
            "name": "Karpis voveraitė",
            "desc": "",
            "price": "€17.30"
          }
        ]
      },
      {
        "category": "Sriubos",
        "items": [
          {
            "name": "Aštriai rūgšti kiniškų baltų grybų sriuba su vištiena",
            "desc": "",
            "price": "€5.80"
          },
          {
            "name": "Aštriai rūgšti baltųjų ir juodųjų grybų sriuba su pomidorais",
            "desc": "",
            "price": "€5.80"
          },
          {
            "name": "Aštriai rūgšti jūros gėrybių sriuba",
            "desc": "",
            "price": "€5.80"
          },
          {
            "name": "Trijų komponentų sriuba (krevetės, vištiena, agurkai)",
            "desc": "",
            "price": "€6.30"
          }
        ]
      },
      {
        "category": "Desertai",
        "items": [
          {
            "name": "Šilkinių vaisių asorti",
            "desc": "",
            "price": "€16.30"
          }
        ]
      },
      {
        "category": "Gėrimai",
        "items": [
          {
            "name": "Pepsi 0,2 l",
            "desc": "",
            "price": "€2.00"
          },
          {
            "name": "Mirinda 0,2 l",
            "desc": "",
            "price": "€2.00"
          },
          {
            "name": "7UP 0,2 l",
            "desc": "",
            "price": "€2.00"
          },
          {
            "name": "Obuolių sultys 1 l",
            "desc": "",
            "price": "€10.00"
          },
          {
            "name": "Apelsinų sultys 1 l",
            "desc": "",
            "price": "€10.00"
          },
          {
            "name": "Vynuogių sultys 1 l",
            "desc": "",
            "price": "€10.00"
          },
          {
            "name": "Pomidorų sultys 1 l",
            "desc": "",
            "price": "€10.00"
          },
          {
            "name": "Multivitaminų sultys 1 l",
            "desc": "",
            "price": "€10.00"
          },
          {
            "name": "Gira 0,5 l",
            "desc": "",
            "price": "€3.00"
          },
          {
            "name": "Nealkoholinis Radler 0,5 l",
            "desc": "",
            "price": "€4.50"
          },
          {
            "name": "Nealkoholinis alus Švyturio GO baltas 0,5 l",
            "desc": "",
            "price": "€4.50"
          },
          {
            "name": "Nealkoholinis alus Švyturio GO pilsner 0,5 l",
            "desc": "",
            "price": "€4.50"
          }
        ]
      }
    ]
  },
  {
    "address": "Dominikonų gatvė 10",
    "location": [
      25.2851039171219,
      54.6812741396133
    ],
    "name": "Cozy",
    "rating": {
      "rating": 4,
      "score": 9.2
    },
    "short_description": "Skanūs tarptautinės virtuvės patiekalai\n",
    "id": "cozy",
    "tags": [
      "salotos",
      "sumuštiniai",
      "kava"
    ],
    "distance": "0.7 km",
    "duration": 9,
    "menu": [
      {
        "category": "Pagrindiniai patiekalai",
        "items": [
          {
            "name": "Indiškas vištienos karis Tikka Masala",
            "desc": "Su ryžiais, papadamu ir kalendromis",
            "price": "€12.50"
          },
          {
            "name": "Enchiladas su malta mėsa, pomidorų-kalendrų padažu, čederiu ir parmezanu",
            "desc": "Jūsų pageidavimu iškepsime patiekalą Cozy arba galite išsikepti orkaitėje patys namuose",
            "price": "€12.50"
          },
          {
            "name": "Keptas Camembert sūris",
            "desc": "Su skrudintomis bulvėms, špinatais ir vyšniniais pomidoriukais",
            "price": "€13.00"
          },
          {
            "name": "Jautienos išpjovos kepsnys",
            "desc": "Patiekiama su skrudintomis bulvytėmis, daržovių salotomis ir Café de Paris sviestu",
            "price": "€23.50"
          },
          {
            "name": "Kepta svieste lašišos file",
            "desc": "Su karštomis šakninėmis daržovėmis, smidrais ir baltojo vyno padažu",
            "price": "€21.00"
          },
          {
            "name": "Rytietiškų makaronų salotos",
            "desc": "Su raudonaisiais kopūstais, morkomis, ridikėliais, šalotiniais svogūnais ir žemės riešutų padažu",
            "price": "€12.00"
          },
          {
            "name": "GLAZŪRUOTI KIAULIENOS ŠONKAULIAI",
            "desc": "Su keptomis bulvytėmis, kopūstų – morkų salotomis ir majonezu",
            "price": "€19.00"
          },
          {
            "name": "SALIERO KEPSNYS",
            "desc": "Su „chimichurri“ ir lęšiais, pakepintais su morkomis bei Portobello grybais",
            "price": "€12.00"
          }
        ]
      },
      {
        "category": "Sriubos",
        "items": [
          {
            "name": "Ispaniška chorizo sriuba su avinžirniais",
            "desc": "Su salierais, pomidorais ir šviežiais špinatais",
            "price": "€6.50"
          },
          {
            "name": "Prancūziška svogūnų sriuba",
            "desc": "Su Cheddar sūriu užkeptais skrebučiais",
            "price": "€6.50"
          },
          {
            "name": "TAILANDIETIŠKA SRIUBA",
            "desc": "Su ryžių makaronais, bambukų ūgliais, kokosų pienu, citrinžole ir kalendromis",
            "price": "€7.50"
          }
        ]
      },
      {
        "category": "Pusryčiai",
        "items": [
          {
            "name": "Croque Madame",
            "desc": "Orkaitėje keptas sumuštinis su kumpiu, čederio sūriu, Mornay padažu ir keptu kiaušiniu ant viršaus, patiekiama su žaliosiosmis salotomis",
            "price": "€8.50"
          },
          {
            "name": "Plakta kiaušinienė su šonine ir smidrais",
            "desc": "Su skrudinta balta duona ir sviestu",
            "price": "€8.50"
          },
          {
            "name": "Kepti varškėčiai",
            "desc": "Su grietine ir uogiene",
            "price": "€7.50"
          },
          {
            "name": "Cozy namų duonos kepalas",
            "desc": "Rankų darbo naminė duona su saulėgrąžomis, šviežia kasdien nuo 12 valandos",
            "price": "€5.00"
          },
          {
            "name": "Angliški pusryčiai",
            "desc": "Kepti kiaušiniai su šonine, dešrelėmis, pomidoru, Portobello grybu, pupelėmis pomidorų padaže ir skrudinta duona",
            "price": "€10.50"
          }
        ]
      },
      {
        "category": "Sumuštiniai ir mėsainiai",
        "items": [
          {
            "name": "Cozy mėsainis",
            "desc": "Su čederio sūriu, šonine ir svogūnų džemu, mėsainis patiekiamas su keptomis bulvytėmis ir česnakiniu majonezu",
            "price": "€12.50"
          },
          {
            "name": "Mėsainis su vištiena",
            "desc": "Su Sriracha majonezu, mocarelos sūriu, salotomis ir traškiais svogūnais, mėsainis patiekiamas su keptomis bulvytėmis ir česnakiniu majonezu",
            "price": "€10.50"
          },
          {
            "name": "Karšti naminės duonos sumuštiniai su Buffalo",
            "desc": "Su Buffalo mocarelos sūriu, pomidorais, naminiu pesto padažu ir šviežiu baziliku, karšti sumuštiniai patiekiami su keptomis bulvytėmis ir česnakiniu majonezu",
            "price": "€9.50"
          },
          {
            "name": "Karšti naminės duonos sumuštiniai su tunu",
            "desc": "Su tunu, kiaušiniu, svogūnais, marinuotais agurkais ir čederio sūriu, sumuštiniai patiekiami su skrudintomis bulvytėmis ir česnakiniu majonezu",
            "price": "€9.50"
          },
          {
            "name": "Karšti naminės duonos sumuštiniai su vištiena",
            "desc": "Su vištiena, riešutų sviestu, mocarelos sūriu ir karamelizuotais svogūnais, sumuštiniai patiekiami su skrudintomis bulvytėmis ir česnakiniu majonezu",
            "price": "€9.50"
          },
          {
            "name": "Karšti naminės duonos sumuštiniai su Whiskey maple šonine",
            "desc": "Su kepta whiskey maple šonine, čederio sūriu, karamelizuotais svogūnais ir garstyčių majonezu, sumuštiniai patiekiami su skrudintomis bulvytėmis ir česnakiniu majonezu",
            "price": "€9.50"
          },
          {
            "name": "Naked burger",
            "desc": "Jautienos paplotėlis su chimichurri, mažosiomis bulvytėmis ir grilintomis daržovėmis",
            "price": "€10.50"
          }
        ]
      },
      {
        "category": "Salotos",
        "items": [
          {
            "name": "Cozy Cezario salotos su vištiena ir keptomis karališkomis krevetėmis",
            "desc": "Įvairūs salotų lapai, pomidorai, raudonieji svogūnai, agurkai, skrebučiai, ančiuvių ir parmezano padažas",
            "price": "€14.00"
          },
          {
            "name": "Cozy Cezario salotos su ant grotelių keptos vištienos gabaliukais",
            "desc": "Įvairūs salotų lapai, pomidorai, raudonieji svogūnai, agurkai, skrebučiai, ančiuvių ir parmezano padažas",
            "price": "€12.50"
          },
          {
            "name": "Cozy Cezario salotos su keptomis karališkomis krevetėmis",
            "desc": "Įvairūs salotų lapai, pomidorai, raudonieji svogūnai, agurkai, skrebučiai, ančiuvių ir parmezano padažas",
            "price": "€14.00"
          },
          {
            "name": "Cozy Cezario salotos su keptais vištienos gabaliukais, šonine ir virtu kiaušiniu",
            "desc": "Įvairūs salotų lapai, pomidorai, raudonieji svogūnai, agurkai, skrebučiai, ančiuvių ir parmezano padažas",
            "price": "€13.50"
          },
          {
            "name": "Viduržemio salotos",
            "desc": "Įvairūs salotų lapai, feta, avokadas, avinžirniai, raudonieji svogūnai, vyšniniai pomidoriukai, saulėgrąžų ir moliūgų sėklos, su Vinaigrette padažu",
            "price": "€12.50"
          }
        ]
      },
      {
        "category": "Užkandžiai",
        "items": [
          {
            "name": "Skrebutis su tunu",
            "desc": "Su marinuotais augurkais, kiaušiniu ir svogūnais",
            "price": "€5.50"
          },
          {
            "name": "Arancini",
            "desc": "Itališki ryžių kukulaičiai su grybais ir mocarela, patiekiami su marinara padažu",
            "price": "€7.00"
          },
          {
            "name": "Užkandžių rinkinys dviems",
            "desc": "Arancini, traškūs vištienos sparneliai, taco geldelės su jautiena, skrebutis su tunu",
            "price": "€12.50"
          },
          {
            "name": "Traškūs vištienos sparneliai su aštria Coca-Cola glazūra🌶",
            "desc": "",
            "price": "€7.50"
          }
        ]
      },
      {
        "category": "Desertai",
        "items": [
          {
            "name": "Žemės riešutų sviesto ledai su karamelės padažu",
            "desc": "Namų gamybos",
            "price": "€5.00"
          },
          {
            "name": "Sūrio pyragas su šilauogėmis",
            "desc": "",
            "price": "€6.00"
          }
        ]
      },
      {
        "category": "Garnyrai",
        "items": [
          {
            "name": "Žalios salotos pagardintos Vinaigrette padažu",
            "desc": "",
            "price": "€4.00"
          },
          {
            "name": "Gruzdintos bulvės",
            "desc": "",
            "price": "€4.00"
          },
          {
            "name": "Česnakinis grietinės padažas 60 ml",
            "desc": "Legendinis Cozy duonos padažiukas",
            "price": "€1.00"
          },
          {
            "name": "Česnakinis grietinės padažas 200 ml",
            "desc": "Legendinis Cozy duonos padažiukas",
            "price": "€2.50"
          },
          {
            "name": "Naminis Cozy majonezas",
            "desc": "",
            "price": "€1.00"
          },
          {
            "name": "Pomidorų padažas",
            "desc": "",
            "price": "€1.00"
          }
        ]
      },
      {
        "category": "Gaivieji gėrimai",
        "items": [
          {
            "name": "Fever Tree Ginger Beer 0,2",
            "desc": "",
            "price": "€4.00"
          },
          {
            "name": "Pepsi 0,2 l",
            "desc": "",
            "price": "€2.80"
          },
          {
            "name": "Pepsi Max 0,2 l",
            "desc": "",
            "price": "€2.80"
          },
          {
            "name": "7-Up 0,2 l",
            "desc": "",
            "price": "€2.80"
          },
          {
            "name": "Mirinda 0,2 l",
            "desc": "",
            "price": "€2.80"
          },
          {
            "name": "Gazuotas minerainis vanduo Mondariz 0,75 l",
            "desc": "",
            "price": "€5.50"
          },
          {
            "name": "Negazuotas minerainis vanduo Mondariz 0,75 l",
            "desc": "",
            "price": "€5.50"
          },
          {
            "name": "Kombucha Vitality tradicinė 0,33 l",
            "desc": "",
            "price": "€6.00"
          },
          {
            "name": "Kombucha Vitality Pineapple 0,33 l",
            "desc": "",
            "price": "€6.00"
          },
          {
            "name": "Limonadas Cherry Carolina 0,33 l",
            "desc": "Pakruojo dvaro spirito varyklos limonadas",
            "price": "€4.50"
          },
          {
            "name": "Limonadas Svarainis - Bazilikas 0,33 l",
            "desc": "Pakruojo dvaro spirito varyklos limonadas",
            "price": "€4.50"
          },
          {
            "name": "Fever Tree Indian Tonic 0,2 l",
            "desc": "",
            "price": "€4.00"
          },
          {
            "name": "Fever Tree Elderflower Tonic 0,2 l",
            "desc": "",
            "price": "€4.00"
          },
          {
            "name": "Fever Tree Pink Rhubarb Tonic 0,2 l",
            "desc": "",
            "price": "€4.00"
          },
          {
            "name": "Three Cents Sparkling Lemonade 0,2 l",
            "desc": "",
            "price": "€4.00"
          },
          {
            "name": "Three Cents Grapefruit Soda 0,2 l",
            "desc": "",
            "price": "€4.00"
          },
          {
            "name": "Vilkmergės gira 0,41 l",
            "desc": "",
            "price": "€4.00"
          },
          {
            "name": "Norte Still 0,33 l",
            "desc": "",
            "price": "€2.50"
          },
          {
            "name": "Norte Sparkling 0,33 l",
            "desc": "",
            "price": "€2.50"
          }
        ]
      }
    ]
  },
  {
    "address": "J. Basanavičiaus g. 37",
    "location": [
      25.265775918960568,
      54.68172692697283
    ],
    "name": "Vathaitau",
    "rating": {
      "rating": 4,
      "score": 9.2
    },
    "short_description": "Šviežiausi Azijos skoniai || Šis restoranas priklauso ir jį valdo UAB „Džiunglių kelias“, kuris yra atsakinga už parduodamas prekes. Visą informaciją apie parduodamus produktus pateikia pardavėjas\n",
    "id": "vathaitau",
    "tags": [
      "azijietiška",
      "sparneliai",
      "jūros gėrybės"
    ],
    "distance": "0.8 km",
    "duration": 11,
    "menu": [
      {
        "category": "Įrankiai 🍴",
        "items": [
          {
            "name": "Vienkartiniai pagaliukai",
            "desc": "",
            "price": "€0.20"
          },
          {
            "name": "Vienkartinė šakutė",
            "desc": "",
            "price": "€0.20"
          },
          {
            "name": "Vienkartinis šaukštas",
            "desc": "",
            "price": "€0.20"
          }
        ]
      },
      {
        "category": "Populiariausi patiekalai",
        "items": [
          {
            "name": "Tau Sau",
            "desc": "Kiaušininiai makaronai, paprika, juodieji grybai mu'er, morkos, žaliosios pupelės, svogūnas",
            "price": "€13.70"
          },
          {
            "name": "Višta Riešutauja",
            "desc": "Vištiena, anakardžiai, paprika, svogūnų laiškai, svogūnai, mažieji kukurūzai",
            "price": "€14.70"
          },
          {
            "name": "Phad Tau",
            "desc": "Ryžiniai makaronai, cukinija, sojų pupelių daigai, kiaušinis, žemės riešutai",
            "price": "€13.70"
          },
          {
            "name": "Pavasario suktinukai",
            "desc": "Žemės riešutai, stikliniai makaronai, morkos, juodieji grybai, sojų pupelių daigai, kiaušinis, mėlynasis kopūstas",
            "price": "€9.70"
          }
        ]
      },
      {
        "category": "Dienos Pietūs",
        "items": [
          {
            "name": "Dienos Pietūs",
            "desc": "Pirmadienį - Žalias Karis; Antradienį - Phad Tau; Trečiadienį - Raudonas Karis; Ketvirtadienį - Kaip Sau; Penktadienį - Tau Sau",
            "price": "€7.20"
          }
        ]
      },
      {
        "category": "Užkandžiai",
        "items": [
          {
            "name": "Tajų kalmarai",
            "desc": "Imbieras, česnakas, čili, kalendra",
            "price": "€8.20"
          },
          {
            "name": "Krevečių traškučiai",
            "desc": "Patiekiami su sweet chilli padažu",
            "price": "€3.70"
          },
          {
            "name": "Pavasario suktinukai",
            "desc": "Žemės riešutai, stikliniai makaronai, morkos, juodieji grybai, sojų pupelių daigai, kiaušinis, mėlynasis kopūstas",
            "price": "€7.20"
          },
          {
            "name": "Juodieji sparneliai",
            "desc": "Gurmaniški. Marinuoti cukraus, česnakų ir žuvies padaže",
            "price": "€8.20"
          }
        ]
      },
      {
        "category": "Pagrindiniai patiekalai",
        "items": [
          {
            "name": "Tau Sau",
            "desc": "Kiaušininiai makaronai, paprika, juodieji grybai mu'er, morkos, žaliosios pupelės, svogūnas",
            "price": "€11.20"
          },
          {
            "name": "Phad Tau",
            "desc": "Ryžiniai makaronai, cukinija, sojų pupelių daigai, kiaušinis, žemės riešutai",
            "price": "€11.20"
          },
          {
            "name": "Kaip Sau 🌶",
            "desc": "Wok ryžiai su daržovėmis, morkos, svogūnas, juodieji grybai, paprika, žaliosios pupelės",
            "price": "€11.20"
          },
          {
            "name": "Raudonasis karis",
            "desc": "Vištiena, ryžiai, kokosų pienas, cukinija, morkos, bambukų ūgliai",
            "price": "€12.20"
          },
          {
            "name": "Žalias karis 🌶",
            "desc": "Galima paruošti vegetarišką. Ryžiai, vištiena, kokosų pienas, juodieji grybai mu'er, baklažanas, žaliosios pupelės",
            "price": "€12.20"
          },
          {
            "name": "Višta Riešutauja",
            "desc": "Vištiena, anakardžiai, paprika, svogūnų laiškai, svogūnai, mažieji kukurūzai",
            "price": "€12.20"
          }
        ]
      },
      {
        "category": "Salotos",
        "items": [
          {
            "name": "PapaJah 🌶",
            "desc": "Žalioji papaja, vyšniniai pomidorai, morkos, žaliosios pupelės, žalioji citrina, žemės riešutai, česnakai, čili",
            "price": "€9.20"
          }
        ]
      },
      {
        "category": "Sriubos",
        "items": [
          {
            "name": "Tom Ka",
            "desc": "Vištiena, pomidoras, mažieji kukurūzai, morkos, enoki grybai, kokosų pienas, elangalas",
            "price": "€9.20"
          },
          {
            "name": "Tom Yum 🌶",
            "desc": "Aštri krevečių ir vištienos sriuba, krevetės, enoki grybai, citrinžolė, galangalas",
            "price": "€9.20"
          }
        ]
      },
      {
        "category": "Alkoholiniai gėrimai",
        "items": [
          {
            "name": "Dundulio Debesainis 0,5 l",
            "desc": "Vartodami alkoholį, rizikuojate savo sveikata, šeimos ir visuomenės gerove Kvietinis alus",
            "price": "€5.00\n(4.5% vol)"
          },
          {
            "name": "Dundulio Humulupu 0,5 l",
            "desc": "Vartodami alkoholį, rizikuojate savo sveikata, šeimos ir visuomenės gerove IPA",
            "price": "€5.00\n(5% vol)"
          },
          {
            "name": "Dundulio Gutstoutas 0,5 l",
            "desc": "Vartodami alkoholį, rizikuojate savo sveikata, šeimos ir visuomenės gerove Stout stiliaus alus",
            "price": "€5.00\n(5% vol)"
          },
          {
            "name": "Sidras Tinginio pantis 0,33 l",
            "desc": "Vartodami alkoholį, rizikuojate savo sveikata, šeimos ir visuomenės gerove Pusiau sausas",
            "price": "€5.00\n(4.5% vol)"
          },
          {
            "name": "Botter Prosecco 0,2 l",
            "desc": "Vartodami alkoholį, rizikuojate savo sveikata, šeimos ir visuomenės gerove",
            "price": "€8.00\n(11% vol)"
          }
        ]
      },
      {
        "category": "Gėrimai",
        "items": [
          {
            "name": "Wostok 0,33 l",
            "desc": "Ekologiškas limonadas",
            "price": "€3.50"
          },
          {
            "name": "Kombučia Būk Čia",
            "desc": "",
            "price": "€3.50\n(250 ml, €14.00/l)"
          },
          {
            "name": "Coca-Cola 0,25 l",
            "desc": "",
            "price": "€2.50"
          },
          {
            "name": "Fanta 0,25 l",
            "desc": "",
            "price": "€2.50"
          },
          {
            "name": "Sprite 0,25 l",
            "desc": "",
            "price": "€2.50"
          },
          {
            "name": "Franklin & Sons 0,2 l",
            "desc": "",
            "price": "€2.50"
          },
          {
            "name": "Gira 0,33 l",
            "desc": "",
            "price": "€2.50"
          },
          {
            "name": "Imbierinis alus 0,2 l",
            "desc": "",
            "price": "€2.50"
          },
          {
            "name": "Sultys 0,2 l",
            "desc": "Skonis pasirinktinai",
            "price": "€2.50"
          },
          {
            "name": "Gazuotas mineralinis vanduo 0,25 l",
            "desc": "",
            "price": "€2.50"
          },
          {
            "name": "Nealkoholinis Alus 0,33 l",
            "desc": "",
            "price": "€3.50"
          },
          {
            "name": "Nealkoholinis Sidras 0,33 l",
            "desc": "",
            "price": "€3.50"
          }
        ]
      }
    ]
  },
  {
    "address": "Vilniaus g. 35",
    "location": [
      25.279500782489777,
      54.683020134291354
    ],
    "name": "Talutti Bakes'n'Shakes City",
    "rating": {
      "rating": 3,
      "score": 8.6
    },
    "short_description": "Amerikietiškos virtuvės atradimai",
    "id": "talutti-bakesnshakes-city",
    "tags": [
      "pica",
      "mėsainiai",
      "blynai"
    ],
    "distance": "0.6 km",
    "duration": 8,
    "menu": [
      {
        "category": "Specialus pasiūlymas",
        "items": [
          {
            "name": "Schweppes Tonic 0,25 l",
            "desc": "",
            "price": "€1.45\n2.85\nExcl. €0.10 deposit"
          }
        ]
      },
      {
        "category": "Pusryčiai visą dieną",
        "items": [
          {
            "name": "Hubert 🌶",
            "desc": "Kiaušiniai su Chorizo dešrele. Kiaušiniai, skrudinta šoninė, Chorizo dešrelė, marinuoti agurkėliai, keptas pomidoras, pievagrybiai, pupelės su barbekiu padažu, raudonasis svogūnas, chalapos paprika, Hash brown kepti bulvių trikampėliai, naminis pomidorų padažas, garstyčios, svogūnų laiškai",
            "price": "€12.40"
          },
          {
            "name": "Bruce",
            "desc": "Bulviniai blynai su rūkyta kiaulienos dešrele ir plėšytais kiaušiniais. Klevų sirupas, svogūnų laiškai ir Čederio sūrio padažas",
            "price": "€11.40"
          },
          {
            "name": "Benedict",
            "desc": "Be lukšto virti kiaušiniai, Čederio sūrio padažas, Brioche bandelė. Naminis fetos padažas, pomidoras, avokadas, svogūnų laiškai",
            "price": "€12.50"
          },
          {
            "name": "Jeremy su jautiena",
            "desc": "Jautiena, Talutti padažas, majonezas, Čederio sūris , marinuoti agurkėliai, raudonasis svogūnas",
            "price": "€11.40"
          },
          {
            "name": "Jeremy su kumpiu",
            "desc": "Kumpis, naminis fetos padažas, agurkas, špinatai, skrudinta šoninė, Čederio sūrio padažas",
            "price": "€11.40"
          },
          {
            "name": "Jeremy su vištiena 🌶",
            "desc": "Vištiena, barbekiu padažas, Gouda sūris, chalapos paprika, pomidorai, marinuoti agurkėliai, Pepperoni dešra",
            "price": "€11.40"
          },
          {
            "name": "Jeremy su Halloumi sūriu 🌶🌿",
            "desc": "Halloumi sūris, Chipotle padažas, salota, paprikos, saulėje džiovinti pomidorai, karamelizuoti svogūnai, Čederio sūrio padažas",
            "price": "€13.30"
          },
          {
            "name": "Johnny",
            "desc": "Brioche bandelė, naminis pomidorų padažas, jautiena, fermentinis sūris, marinuoti agurkėliai, skrudinta šoninė, riešutų sviestas",
            "price": "€10.90"
          },
          {
            "name": "Dannie",
            "desc": "Bulvės, svogūnas, burokėliai, grūdėta varškė, šviežias bazilikas, džiovintos žolelės, grietinė, priedai pasirinktinai",
            "price": "€9.80"
          },
          {
            "name": "Harry",
            "desc": "Kiaušiniai, skrudinta šoninė, naminis fetos padažas, raudonasis svogūnas, marinuoti agurkėliai, pomidorai, čederio sūris, svogūnų laiškai. Patiekiama su: naminiu fetos padažu ir garstyčiomis",
            "price": "€11.40"
          },
          {
            "name": "Alan",
            "desc": "Amerikietiškas picos skonio blynas su kiaušiniene. Čederio sūrio padažas, skrudinta šoninė, žaluma",
            "price": "€11.70"
          },
          {
            "name": "Samuel",
            "desc": "Amerikietiški blynai su vaisiais, karamelizuotomis kriaušėmis, bananais, gervuogėmis, plakta grietinėle ir braškių užpilu",
            "price": "€9.90"
          },
          {
            "name": "Charlie",
            "desc": "Amerikietiški šokoladiniai blynai su bananais, natūralaus ir braškių užpilu. Patiekiama be ledų",
            "price": "€10.90"
          },
          {
            "name": "Maggie",
            "desc": "Amerikietiški blynai su bananais, mėlynėmis ir braškių užpilu. Patiekiama be ledų",
            "price": "€10.90"
          }
        ]
      },
      {
        "category": "Užkandžiai",
        "items": [
          {
            "name": "George",
            "desc": "Skrudinti svogūnų žiedai su naminiu fetos padažu",
            "price": "€5.90"
          },
          {
            "name": "Barbara",
            "desc": "Garbanotos bulvytės su naminiu fetos padažu",
            "price": "€6.70"
          },
          {
            "name": "Donna",
            "desc": "Menkės kepsneliai su naminiu fetos padažu, žaluma",
            "price": "€7.70"
          },
          {
            "name": "Lesly",
            "desc": "Saldžios skrudintos bulvytės su naminiu fetos padažu",
            "price": "€6.70"
          },
          {
            "name": "Florida",
            "desc": "Skrudinti kalmarų žiedai su naminiu fetos padažu, citrina",
            "price": "€6.90"
          },
          {
            "name": "Taylor",
            "desc": "Skrudintos bulvytės su naminiu fetos padažu, džiovitos žolelės",
            "price": "€5.70"
          },
          {
            "name": "Cody",
            "desc": "Skrudintos skiltelės su naminiu fetos padažu, džiovintos žolelės",
            "price": "€5.70"
          },
          {
            "name": "Annetta 🌶️",
            "desc": "Aštrios sūrio spurgytės su naminiu fetos padažu, žaluma",
            "price": "€7.90"
          },
          {
            "name": "Larry",
            "desc": "Goudos sūrio rutuliukai su naminiu fetos padažu, žaluma",
            "price": "€8.60"
          },
          {
            "name": "Maya",
            "desc": "Vištienos kepsneliai, žaluma. Padažas pasirinktinai",
            "price": "€6.90"
          },
          {
            "name": "Giovanna",
            "desc": "Fokačia duonelė, kietasis sūris, žolelių aliejus, saulėje džiovintų pomidorų užtepėlė, naminis česnakinis sūrio padažas",
            "price": "€8.80"
          },
          {
            "name": "Charles",
            "desc": "Mac and Cheese kepsneliai su naminiu fetos padažu, žaluma",
            "price": "€8.80"
          },
          {
            "name": "Angela",
            "desc": "Tigrinės krevetės su vyšniniais pomidorais, žaluma, žolelių užpilu ir plėšoma Brioche bandele",
            "price": "€10.90"
          },
          {
            "name": "Denzil",
            "desc": "Skrudintas kamembero sūris su naminiu fetos padažu, žaluma",
            "price": "€8.60"
          },
          {
            "name": "Mia",
            "desc": "Kepta duona. Padažas ir priedas pasirinktinai",
            "price": "€7.70"
          },
          {
            "name": "Samantha 🌶",
            "desc": "Garbanotos bulvytės, Čederio sūrio padažas, raudonasis svogūnas, pomidorai, chalapos paprika, marinuotas agurkas, svogūnų laiškai, naminis fetos padažas. Priedas pasirinkitinai",
            "price": "€9.80"
          },
          {
            "name": "Bobbie",
            "desc": "Kepinti vištienos sparneliai. Mėlynojo sūrio padažas, morkos, agurkas, salieras. Sparnelių glazūra, kiekis bei garnyrai pasirinktinai",
            "price": "€8.20"
          },
          {
            "name": "Big Lebowski 🌶",
            "desc": "Mėsainis su vištiena, barbekiu padažu ir sūriu, Benjamin burgeris su jautiena, Chorizo dešrelės, kepti vištienos sparneliai su vietnamietišku padažu, kiaulienos šonkauliukai su Chipotle padažu, vištienos kepsneliai, amerikietiškas blynas, saldžios bulvytės, skrudintos bulvytės, Coleslaw salotos, šviežių daržovių salotos, žolelių užpilas, naminis pomidorų padažas, naminis fetos padažas, garstyčios. RINKINYJE YRA 2 MĖSAINIAI, NE 4",
            "price": "€45.15"
          },
          {
            "name": "Teresa 🌶",
            "desc": "Fokačia duonelė, naminis česnakinis sūrio padažas, saulėje džiovintų pomidorų užtepėlė, rūkyta kiaulienos dešrelė karamelizuota klevų sirupe, Chorizo dešrelė, kepinti vištienos sparneliai su vietnamietiško padažo glazūra, skrudinta šoninė, alyvuogės, Pepperoni dešra, vytintas kumpis, morkų, agurko ir saliero lazdelės, mėlynojo sūrio padažas, traškūs svogūnai, žaluma, peperoni pipirai",
            "price": "€20.90"
          },
          {
            "name": "Beverly",
            "desc": "Goudos sūrio rutuliukai, kalmarų ir svogūnų žiedai, vištienos kepsneliai, traški vištiena, Mac and Cheese kepsneliai, kepinti vištienos sparneliai su vietnamietiško padažo glazūra, rūkyta kiaulienos dešrelė karamelizuota klevų sirupe, morkų, agurko ir saliero lazdelės, menkės kepsneliai, žaluma, citrina, naminis fetos, mėlynojo sūrio padažai, saldžiarūgštis padažas, barbekiu padažas",
            "price": "€25.90"
          },
          {
            "name": "Pamella 🌶",
            "desc": "Traški vištiena su Buffalo padažu, vištienos sparneliai su barbekiu padažu, garbanotos bulvytės, Čederio sūrio padažas, pomidoras, raudonasis svogūnas, marinuoti agurkėliai, chalapos paprika, svogūnų laiškai, naminis fetos padažas",
            "price": "€19.90"
          }
        ]
      },
      {
        "category": "Salotos",
        "items": [
          {
            "name": "Eutropia",
            "desc": "Salotų lapai, špinatai, rukola, kepti burokėliai, apelsinas, moliūgų sėklos, balzamiko užpilas, bandelė. Pasirinkite priedą iš ožkos arba burrata sūrių",
            "price": "€11.20"
          },
          {
            "name": "Agatha",
            "desc": "Salotos su saulėje džiovintais pomidorais. Salotų lapai, špinatai, rukola, fetos sūris, juodosios alyvuogės, moliūgų sėklos, saulėje džiovinti pomidorai, kietasis sūris, balzamiko užpilas, bandelė. Pasirinkti priedai",
            "price": "€11.20"
          },
          {
            "name": "Artemisia",
            "desc": "Salotų lapai, špinatai, rukola, pomidoriukai, kietasis sūris, avokadas, apelsinų-garstyčių užpilas, bandelė, pasirinktas priedas",
            "price": "€13.60"
          },
          {
            "name": "Diodorus",
            "desc": "Salotos su jautiena ir sūriu Salotų lapai, špinatų lapai, rukola, avokadas, vyšniniai pomidoriukai, mėlynasis kopūstas, kepta jautiena, svogūnų traškučiai, aviečių padažas, bandelė. Sūris pasirinktinai",
            "price": "€13.60"
          },
          {
            "name": "Cezares",
            "desc": "Romaine salota, kiaušinis, vyšniniai pomidoriukai, baltosios duonos krutonai, kietasis sūris, ančiuvių padažas",
            "price": "€10.40"
          }
        ]
      },
      {
        "category": "Sriubos",
        "items": [
          {
            "name": "Coco 🌶",
            "desc": "Įvairios daržovės, grybai, kokosų pienas, aitrioji paprika, šviežia kalendra, imbieras, greitinėlė, česnakas, pasirinktas priedas, bandelė",
            "price": "€7.70"
          },
          {
            "name": "Ofelia🌿",
            "desc": "Keptų daržovių sriuba su mocarela Paprika, cukinija, pomidorai, raudonasis svogūnas, saliero stiebas, juodosios alyvuogės, mocarela sūris, rukola, bandelė",
            "price": "€6.20"
          },
          {
            "name": "Dorothy",
            "desc": "Sultinys su makaronais. Morkos, salieras, svogūnas, kukurūzai, žaluma, bandelė",
            "price": "€6.20"
          },
          {
            "name": "Jessica",
            "desc": "Pievagrybių sriuba Pievagrybiai, bulvės, trumų pasta, svogūnai, kietasis sūris, grietinėlė, moliūgų sėklos, bandelė",
            "price": "€6.20"
          },
          {
            "name": "Kimberly🌶️",
            "desc": "Čili sriuba Smulkinta jautiena, svogūnai, pupelės, pomidorai, kajeno pipirai, česnakas, kuminas, grietinė, kietasis sūris, čederio sūris, svogūnų laiškai, bandelė",
            "price": "€8.30"
          }
        ]
      },
      {
        "category": "Sliders Party",
        "items": [
          {
            "name": "Jeremy su jautiena",
            "desc": "Jautiena, Talutti padažas, majonezas, Čederio sūris , marinuoti agurkėliai, raudonasis svogūnas",
            "price": "€11.40"
          },
          {
            "name": "Jeremy su kumpiu",
            "desc": "Kumpis, naminis fetos padažas, agurkas, špinatai, skrudinta šoninė, Čederio sūrio padažas",
            "price": "€11.40"
          },
          {
            "name": "Jeremy su vištiena 🌶",
            "desc": "Vištiena, barbekiu padažas, Gouda sūris, chalapos paprika, pomidorai, marinuoti agurkėliai, Pepperoni dešra",
            "price": "€11.40"
          },
          {
            "name": "Jeremy su Halloumi sūriu 🌶🌿",
            "desc": "Halloumi sūris, Chipotle padažas, salota, paprikos, saulėje džiovinti pomidorai, karamelizuoti svogūnai, Čederio sūrio padažas",
            "price": "€13.30"
          }
        ]
      },
      {
        "category": "Sumuštiniai",
        "items": [
          {
            "name": "Patrick su smulkinta jautiena 🌶",
            "desc": "Brioche bandelė, jautiena, Talutti padažas, čederio sūrio padažas, marinuoti agurkėliai, raudonasis svogūnas, marinuotos chalapos paprikos, skrudinta šoninė",
            "price": "€12.90"
          },
          {
            "name": "Patrick su jautienos išpjova",
            "desc": "Jautienos išpjova, garstyčių padažas, karamelizuoti svogūnai, Čederio sūrio padažas, rukola, svogūnų traškučiai",
            "price": "€13.50"
          },
          {
            "name": "Patrick su plėšyta kauliena",
            "desc": "Plėšyta kiauliena, Čederio sūrio padažas, Coleslaw salotos, skrudinta šoninė, žaluma",
            "price": "€12.20"
          },
          {
            "name": "Patrick su kiaušiniene",
            "desc": "Kiaušinienė, skrudinta šoninė, riešutų sviestas, kietasis sūris, avokadas, klevų sirupas, žaluma",
            "price": "€12.20"
          },
          {
            "name": "Patrick su feta🌿",
            "desc": "Fetos sūris, alyvuogės, naminis fetos padažas, saulėje džiovinti pomidorai, žaluma",
            "price": "€11.20"
          }
        ]
      },
      {
        "category": "Mėsainiai",
        "items": [
          {
            "name": "Jacob",
            "desc": "Mėsainis su jautiena ir pelėsiniu sūriu Brioche bandelė, naminis pomidorų padažas, pomidorai, karamelizuoti svogūnai, jautiena, pelėsinis sūris, kepinti pievagrybiai su svogūnais, salotų lapai",
            "price": "€10.90"
          },
          {
            "name": "Benjamin",
            "desc": "Brioche bandelė, garstyčių padažas, jautiena, fermentinis sūris, pomidoras, marinuoti agurkėliai, skrudinta šoninė, ridikėliai, mėlynasis svogūnas, salotų lapai",
            "price": "€10.90"
          },
          {
            "name": "Cooper 🌶",
            "desc": "Brioche bandelė, chipotle padažas, jautiena, čederio sūris, pepperoni dešra, pomidoras, mėlynasis svogūnas, chalapos paprika, peperoni pipirai, salotų lapai",
            "price": "€11.40"
          },
          {
            "name": "Jack 🌶️",
            "desc": "Brioche bandelė, padažas chipotle, pomidoras, mėlynasis svogūnas, chalapos paprika, skrudinta šoninė, čederio sūrio padažas, svogūnų traškučiai, pasirinktas priedas",
            "price": "€10.90"
          },
          {
            "name": "Johnny",
            "desc": "Brioche bandelė, naminis pomidorų padažas, jautiena, fermentinis sūris, marinuoti agurkėliai, skrudinta šoninė, riešutų sviestas",
            "price": "€10.90"
          },
          {
            "name": "Alice",
            "desc": "Brioche bandelė, traški vištiena, marinuoti agurkai, Coleslaw, salotų lapai, peperoni pipiras, chipotle padažas",
            "price": "€11.40"
          },
          {
            "name": "Ricardo 🌶",
            "desc": "Brioche bandelė, naminis fetos padažas, jautiena, marinuoti agurkėliai, chalapos papri- ka, mėlynasis svogūnas, Mac and Cheese, skrudinta šoninė, čederio sūrio padažas, skrudinti svogūnai",
            "price": "€10.90"
          },
          {
            "name": "Roger🌿",
            "desc": "Brioche bandelė, mocarelos sūrio kepsnys, Chipotle padažas, salota, paprikos, saulėje džiovinti pomidorai, karamelizuoti svogūnai, čederio sūrio padažas",
            "price": "€11.40"
          },
          {
            "name": "Dakota 🌶",
            "desc": "Brioche bandelė, naminis pomidorų padažas, jautiena, fermentinis sūris, čederio sūris, pepperoni dešra, skrudintos bulvytės, marinuoti agurkėliai, skrudinta šoninė",
            "price": "€10.90"
          },
          {
            "name": "Billy",
            "desc": "Perpjautas mėsainis sūrio padaže. Brioche bandelė, Talutti padažas, jautiena, raudonasis svogūnas, Čederio sūris, marinuoti agurkėliai, Čederio sūrio padažas, svogūnų traškučiai",
            "price": "€12.50"
          }
        ]
      },
      {
        "category": "American friends picos",
        "items": [
          {
            "name": "Joey 🌶️",
            "desc": "Naminis pomidorų padažas, Mocarelos sūris, Čederio sūris, Pepperoni, Saliami ir Chorizo dešros, svogūnas, marinuoti agurkėliai, svogūnų laiškai",
            "price": "€11.70"
          },
          {
            "name": "Chandler 🌶",
            "desc": "Naminis pomidorų padažas, mocarelos sūris, čederio sūris, marinuoti svogūnėliai, raudonasis svogūnas, pepperoni dešra, chorizo dešra, chalapos paprika, pievagrybiai.",
            "price": "€12.40"
          },
          {
            "name": "Phoebe🌿",
            "desc": "Alfredo padažas, Mocarela sūris, špinatai, alyvuogės, saulėje džiovinti pomidorai",
            "price": "€11.20"
          },
          {
            "name": "Rachel",
            "desc": "Alfredo padažas, mocarelos sūris, čederio sūris, naminis barbekiu padažas, kepta vištiena, raudonasis svogūnas, marinuoti agurkėliai, skrudinta šoninė",
            "price": "€11.90"
          },
          {
            "name": "Monica",
            "desc": "Naminis pomidorų padažas, mocarelos sūris, čederio sūris, saliamis, kumpis, smulkinta jautiena, raudonasis svogūnas, pievagrybiai, paprika, kaparėliai, svogūnų laiškai",
            "price": "€12.40"
          },
          {
            "name": "Ross",
            "desc": "Naminis pomidorų padažas, Mocarelos sūris, Čederio sūris, raudonasis svogūnas, pievagrybiai, svogūnų laiškai, plėšyta kiauliena.",
            "price": "€11.40"
          }
        ]
      },
      {
        "category": "Gourmet picos",
        "items": [
          {
            "name": "Gasparo",
            "desc": "Alfredo padažas, pomidorai, vytintas kumpis, pievagrybiai, kepta vištiena, mocarelos sūris, sezamo sėklos, kietasis sūris, šviežias bazilikas, žolelių aliejus",
            "price": "€12.40"
          },
          {
            "name": "Salvatore su pelėsiniu sūriu 🌶️",
            "desc": "Sūris, alfredo padažas, pievagrybiai, mėlynasis svogūnas, pelėsinis sūris, paprika, svogūnų traškučiai, svogūnų laiškai, sezamo sėklos, žolelių aliejus, chipotle padažas",
            "price": "€11.40"
          },
          {
            "name": "Salvatore su jautiena ir pelėsiniu sūriu 🌶️",
            "desc": "Jautiena, sūris, alfredo padažas, pievagrybiai, mėlynasis svogūnas, pelėsinis sūris, paprika, svogūnų traškučiai, svogūnų laiškai, sezamo sėklos, žolelių aliejus, chipotle padažas",
            "price": "€12.90"
          },
          {
            "name": "Adriano",
            "desc": "Sūris, naminis pomidorų padažas, kumpis, vyšniniai pomidoriukai, pomidorai, mėlynasis svogūnas, pievagrybiai, marinuoti agurkėliai, sezamo sėklos, rukola, žolelių aliejus",
            "price": "€11.40"
          },
          {
            "name": "Lorenzo",
            "desc": "Sūris, alfredo padažas, kepta vištiena, naminis barbekiu padažas, juodosios alyvuogės, vyšniniai pomidoriukai, mėlynasis svogūnas, sezamo sėklos, špinatai, žolelių aliejus",
            "price": "€11.90"
          },
          {
            "name": "Celestina su Cezario salotomis",
            "desc": "Sūris, naminis pomidorų padažas, vyšniniai pomidoriukai, kietasis sūris, sezamo sėklos, romaine salota, ančiuvių padažas, žolelių aliejus",
            "price": "€10.90"
          },
          {
            "name": "Celestina su Cezario salotomis ir krevetėmis",
            "desc": "Sūris, naminis pomidorų padažas, vyšniniai pomidoriukai, kietasis sūris, sezamo sėklos, romaine salota, ančiuvių padažas, žolelių aliejus",
            "price": "€13.50"
          },
          {
            "name": "Celestina su Cezario salotomis, vištiena ir skrudinta šonine",
            "desc": "Sūris, naminis pomidorų padažas, vyšniniai pomidoriukai, kietasis sūris, sezamo sėklos, romaine salota, ančiuvių padažas, žolelių aliejus",
            "price": "€12.40"
          },
          {
            "name": "Charlote su paprikomis 🌶",
            "desc": "Sūris, paprikos, saulėje džiovinti pomidorai, Chipotle pipirai, špinatai, svogūnas, sezamo sėklos, rukola, žolelių aliejus",
            "price": "€11.40"
          },
          {
            "name": "Charlote su barbekiu vištiena",
            "desc": "Sūris, naminis barbekiu padažas, kepta vištiena, skrudinta šoninė, svogūnas, sezamo sėklos, rukola, žolelių aliejus",
            "price": "€13.50"
          },
          {
            "name": "Tiziano 🌶",
            "desc": "Sūris, naminis pomidorų padažas, saliamis, smulkinta jautiena, chorizo dešra, pievagrybiai, mėlynasis svogūnas, marinuoti agurkėliai, peperoni pipirai, piri-piri pipirai, sezamo sėklos, žolelių aliejus",
            "price": "€12.50"
          },
          {
            "name": "Kovotojų pica",
            "desc": "Naminis pomidorų padažas, Čederio sūris, barbekiu vištiena, marinuoti agurkėliai, svogūnų traškučiai, žolelių aliejus, mocarela sūrio picos kraštelis. Mažiausiai 2 € nuo šios picos keliauja tiesiai į Mamų unijos fondą, kur bus panaudoti vaikų reabilitacijai ir sveikimui!",
            "price": "€13.90"
          }
        ]
      },
      {
        "category": "Classic picos",
        "items": [
          {
            "name": "Margarita🌿",
            "desc": "Pica su sūriu, sezamo sėklomis, naminiu pomidorų padažu ir žolelių aliejumi",
            "price": "€10.20"
          },
          {
            "name": "Olivia",
            "desc": "Naminis pomidorų padažas, kiaulienos šoninė, dešrelės, sūris, grietinė, svogūnas, pievagrybiai, marinuoti agurkai, svogūnų traškučiai, sezamo sėklos, žolelių aliejus",
            "price": "€11.40"
          },
          {
            "name": "Emily 🌶",
            "desc": "Pica su sūriu, pepperoni dešra, sezamo sėklomis, naminiu pomidorų padažu ir žolelių aliejumi",
            "price": "€10.90"
          },
          {
            "name": "Severiano",
            "desc": "Sūris, naminis pomidorų padažas, pievagrybiai, kumpis, mėlynasis svogūnas, marinuoti svogūnėliai, juodosios alyvuogės, marinuoti agurkėliai, sezamo sėklos, žolelių aliejus",
            "price": "€11.40"
          },
          {
            "name": "Adele",
            "desc": "Naminis pomidorų padažas, burrata sūris, sezamo sėklos, sūris, vyšniniai pomidoriukai, šviežias bazilikas, žolelių aliejus",
            "price": "€12.50"
          },
          {
            "name": "Bernardina",
            "desc": "Sūris, alfredo padažas, vištiena, skrudinta šoninė, mėlynasis svogūnas, marinuoti agurkėliai, sezamo sėklos, žolelių aliejus",
            "price": "€11.90"
          },
          {
            "name": "Kailani",
            "desc": "Sūris, naminis pomidorų padažas, kumpis, ananasai, svogūnų laiškai, sezamo sėklos, žolelių aliejus",
            "price": "€10.90"
          }
        ]
      },
      {
        "category": "Karštieji patiekalai",
        "items": [
          {
            "name": "Amira su su lašiša pasirinktinai ir krevetėmis 🌶",
            "desc": "Paprika, raudonasis svogūnas, saliero stiebas, krevetės, saldžiarūgštis padažas, česnakas, Chorizo dešrelė, žalioji citrina, saldžios bulvytės, žaluma, krevetės, lašiša pasirinktinai",
            "price": "€16.60"
          },
          {
            "name": "Selena",
            "desc": "Brokoliai, lašiša, be lukšto virtas kiaušinis, špinatai, vyšniniai pomidoriukai, žalioji citrina, žaluma.",
            "price": "€17.70"
          },
          {
            "name": "Virginia su plėšyta kiauliena",
            "desc": "Bulvių piurė, Coleslaw salotos, mėsos sultinio padažas, marinuoti agurkėliai, barbekiu pupelės, svogūnų laiškai, plėšyta kiauliena",
            "price": "€11.65"
          },
          {
            "name": "Virginia su rūkytomis dešrelėmis",
            "desc": "Bulvių piurė, Coleslaw salotos, mėsos sultinio padažas, marinuoti agurkėliai, barbekiu pupelės, svogūnų laiškai, rūkytos kiaulienos dešrelės, garstyčios ir pomidorų padažas",
            "price": "€11.65"
          },
          {
            "name": "Wayne 🌶",
            "desc": "Jautienos išpjova, Čederio sūrio padažas, čili pipirai, pipirų padažas, žaluma, traškūs svogūnai, brokoliai",
            "price": "€19.50"
          },
          {
            "name": "Isabella🌿",
            "desc": "Sūrio kepsnys, Coleslaw salotos, Čederio sūrio padažas, žaluma",
            "price": "€11.40"
          },
          {
            "name": "Elli",
            "desc": "Vištiena, čederio sūrio padažas, salotų lapai, ridikėliai, vyšniniai pomidoriukai, mėlynasis svogūnas, žolelių užpilas, svogūnų laiškai",
            "price": "€11.90"
          },
          {
            "name": "Dannie",
            "desc": "Bulvės, svogūnas, burokėliai, grūdėta varškė, šviežias bazilikas, džiovintos žolelės, grietinė, priedai pasirinktinai",
            "price": "€9.80"
          },
          {
            "name": "Anabel",
            "desc": "Vištiena, tigrinės krevetės, čederio sūrio padažas, salotų lapai, ridikėliai, vyšniniai pomidorai, mėlynasis svogūnas, žolelių užpilas, svogūnų laiškai",
            "price": "€12.20"
          },
          {
            "name": "Randy 🌶",
            "desc": "Plėšyta kiauliena, barbekiu padažas, kiaulienos šonkauliai, Chorizo dešrelės, kepinti vištienos sparneliai, traški vištiena, Coleslaw salotos, barbekiu pupelės, morkų, agurko ir saliero lazdelės, bulvių skiltelės, Buffalo padažas, mėlynojo sūrio padažas, vietnamietiškas padažas, picos skonio blynai, žaluma",
            "price": "€26.95"
          },
          {
            "name": "Philip",
            "desc": "Kiaulienos šonkauliai su svogūnų žiedais ir Coleslaw salotomis. Svogūnų traškučiai, svogūnų laiškai, skrudintos bulvytės, naminis fetos padažas",
            "price": "€16.15"
          }
        ]
      },
      {
        "category": "Makaronai",
        "items": [
          {
            "name": "Steve",
            "desc": "Mac and Cheese, svogūnų traškučiai, pasirinktas priedas",
            "price": "€10.40"
          },
          {
            "name": "Gordon",
            "desc": "Mac and Cheese, romaine salotos, vyšniniai pomidoriukai, ančiuvių padažas, kietasis sūris, kiaušinis, skrudinta šoninė",
            "price": "€11.90"
          }
        ]
      },
      {
        "category": "Amerikietiški nesaldūs blynai",
        "items": [
          {
            "name": "Harry",
            "desc": "Kiaušiniai, skrudinta šoninė, naminis fetos padažas, raudonasis svogūnas, marinuoti agurkėliai, pomidorai, čederio sūris, svogūnų laiškai. Patiekiama su: naminiu fetos padažu ir garstyčiomis",
            "price": "€11.40"
          },
          {
            "name": "Dominica",
            "desc": "Pomidorai, raudonasis svogūnas, marinuoti agurkėliai , salotų lapai, naminis fetos padažas",
            "price": "€13.80"
          },
          {
            "name": "Alan",
            "desc": "Amerikietiškas picos skonio blynas su kiaušiniene. Čederio sūrio padažas, skrudinta šoninė, žaluma",
            "price": "€11.70"
          },
          {
            "name": "Dylan 🌶",
            "desc": "Amerikietiškas picos skonio blynas su plėšyta kiauliena. Čederio sūrio padažas, svogūnas, marinuoti agurkėliai, pomidoras, chalapos paprika, svogūnų laiška",
            "price": "€11.70"
          }
        ]
      },
      {
        "category": "Desertai",
        "items": [
          {
            "name": "Šiltas obuolių pyragas su karamelės užpilu",
            "desc": "Patiekiamas be ledų",
            "price": "€6.90"
          },
          {
            "name": "Naminis sūrio pyragas su miško uogomis ir braškių užpilu",
            "desc": "",
            "price": "€6.90"
          },
          {
            "name": "Šokoladinis tortas su vyšnių užpilu ir cukraus pudra",
            "desc": "",
            "price": "€7.90"
          },
          {
            "name": "Churros (5 vnt.)",
            "desc": "Saldžios lazdelės su cukrumi ir cinamonu, padažas pasirinktinai",
            "price": "€7.70"
          },
          {
            "name": "Churros (8 vnt.)",
            "desc": "Saldžios lazdelės su cukrumi ir cinamonu, padažas šokoladinis ir braškinis",
            "price": "€10.40"
          }
        ]
      },
      {
        "category": "Amerikietiški saldūs blynai",
        "items": [
          {
            "name": "Jefferson",
            "desc": "Šokoladiniai blynai su balto sūrio pyragu ir Snickers šokoladu, štrudelio padažu. Patiekiama be ledų",
            "price": "€9.90"
          },
          {
            "name": "Ariella",
            "desc": "Cinamoniniai amerikietiški blynai su karamelizuotais obuoliais, štrudelio padažu. Patiekiama be ledų",
            "price": "€9.90"
          },
          {
            "name": "Jordan",
            "desc": "Šokoladiniai amerikietiški blynai su vyšnių užpilu ir cukraus pudra. Patiekiama be ledų",
            "price": "€11.40"
          },
          {
            "name": "Osborne",
            "desc": "Cinamoniniai amerikietiški blynai su Oreo sausainiais, riešutų sviestu ir štrudelio padažu. Patiekiama be ledų",
            "price": "€9.90"
          },
          {
            "name": "Samuel",
            "desc": "Amerikietiški blynai su vaisiais, karamelizuotomis kriaušėmis, bananais, gervuogėmis, plakta grietinėle ir braškių užpilu",
            "price": "€9.90"
          },
          {
            "name": "Charlie",
            "desc": "Amerikietiški šokoladiniai blynai su bananais, natūralaus ir braškių užpilu. Patiekiama be ledų",
            "price": "€10.90"
          },
          {
            "name": "Maggie",
            "desc": "Amerikietiški blynai su bananais, mėlynėmis ir braškių užpilu. Patiekiama be ledų",
            "price": "€10.90"
          }
        ]
      },
      {
        "category": "Gėrimai",
        "items": [
          {
            "name": "Šviežiai spaustos apelsinų sultys 0,25 l",
            "desc": "",
            "price": "€5.90"
          },
          {
            "name": "Žaliasis kokteilis su špinatais 0,5 l",
            "desc": "Kokteilis su špinatais, kriaušėmis, bananais, obuoliais ir skrudintomis sezamo sėklomis",
            "price": "€8.20"
          },
          {
            "name": "Kokteilis su mėlynėmis, braškėmis ir juodųjų serbentų sultimis 0,5 l",
            "desc": "",
            "price": "€8.20"
          },
          {
            "name": "Kokteilis su kivi, mango ir apelsinų sultimis 0,5 l",
            "desc": "",
            "price": "€8.20"
          },
          {
            "name": "Šokoladinis natūralus pieno ledų kokteilis 0,5 l",
            "desc": "",
            "price": "€8.20"
          },
          {
            "name": "Braškinis natūralus pieno ledų kokteilis 0,5 l",
            "desc": "",
            "price": "€8.20"
          },
          {
            "name": "Klasikinis natūralus pieno ledų kokteilis 0,5 l",
            "desc": "",
            "price": "€8.20"
          },
          {
            "name": "Natūralus pieno ledų kokteilis su M&M'S saldainiais",
            "desc": "",
            "price": "€6.70"
          },
          {
            "name": "Coca-Cola 0,25 l",
            "desc": "",
            "price": "€2.85\nExcl. €0.10 deposit"
          },
          {
            "name": "Coca-Cola Zero 0,25 l",
            "desc": "",
            "price": "€2.85\nExcl. €0.10 deposit"
          },
          {
            "name": "Sprite 0,25 l",
            "desc": "",
            "price": "€2.85\nExcl. €0.10 deposit"
          },
          {
            "name": "Fanta 0,25 l",
            "desc": "",
            "price": "€2.85\nExcl. €0.10 deposit"
          },
          {
            "name": "Schweppes Tonic 0,25 l",
            "desc": "",
            "price": "€2.85\nExcl. €0.10 deposit"
          },
          {
            "name": "Vanduo Neptūnas gazuotas 0,3 l",
            "desc": "",
            "price": "€2.45\nExcl. €0.10 deposit"
          },
          {
            "name": "Vanduo Neptūnas negazuotas 0,3 l",
            "desc": "",
            "price": "€2.45\nExcl. €0.10 deposit"
          }
        ]
      },
      {
        "category": "Padažai",
        "items": [
          {
            "name": "Naminis pomidorų padažas 50 ml",
            "desc": "",
            "price": "€0.95"
          },
          {
            "name": "Naminis fetos padažas 50 ml",
            "desc": "",
            "price": "€1.25"
          },
          {
            "name": "Naminis BBQ padažas 50 ml",
            "desc": "",
            "price": "€0.95"
          },
          {
            "name": "Apelsinų-garsyčių padažas 50ml",
            "desc": "",
            "price": "€0.95"
          },
          {
            "name": "Aviečių užpilas (Salotoms ne saldus) 50ml",
            "desc": "",
            "price": "€0.95"
          },
          {
            "name": "Balzamiko padažas 50ml",
            "desc": "",
            "price": "€0.95"
          },
          {
            "name": "Grietinė 50ml",
            "desc": "",
            "price": "€0.65"
          },
          {
            "name": "Garstyčios 50ml",
            "desc": "",
            "price": "€0.65"
          },
          {
            "name": "Čederio sūrio padažas 50 ml",
            "desc": "",
            "price": "€1.25"
          },
          {
            "name": "Žolelių užpilas 50 ml",
            "desc": "",
            "price": "€1.25"
          },
          {
            "name": "Sweet&Chilli padažas 50ml",
            "desc": "",
            "price": "€0.95"
          }
        ]
      }
    ]
  },
  {
    "address": "Mėsinių g. 4-3",
    "location": [
      25.284621119499207,
      54.6777447061388
    ],
    "name": "Georgian House",
    "rating": {
      "rating": 4,
      "score": 9.4
    },
    "short_description": "Sakartvelo virtuvė",
    "id": "georgian-house",
    "tags": [
      "kartveliška",
      "didkepsniai",
      "chačapuri"
    ],
    "distance": "0.8 km",
    "duration": 10,
    "menu": [
      {
        "category": "Wolt Specials",
        "items": [
          {
            "name": "💙 Chinkali Kalakuri (5 vnt.)",
            "desc": "Tik Wolt+ nariams. Jautiena ir kiauliena su šviežiomis kalendromis",
            "price": "€7.98\n11.40"
          },
          {
            "name": "⭐️ Chinkali Kalakuri (5 vnt.)",
            "desc": "Jautiena ir kiauliena su šviežiomis kalendromis",
            "price": "€9.12\n11.40"
          }
        ]
      },
      {
        "category": "Sriubos",
        "items": [
          {
            "name": "Charčo su aviena🌶",
            "desc": "Sušildanti charčo sriuba su avienos šonkauliukais, ryžiais ir peletrūnu",
            "price": "€9.20"
          },
          {
            "name": "Charčo su jautiena🌶",
            "desc": "Tradicinė pomidorinė jautienos sriuba su ryžiais, žolelėmis ir jautiena",
            "price": "€8.80"
          },
          {
            "name": "Čichirtma",
            "desc": "Vištienos sultinio sriuba su kiaušiniu, žolelėmis ir vištienos file",
            "price": "€8.20"
          },
          {
            "name": "Lobio",
            "desc": "Vegetariška tiršta raudonųjų pupelių sriuba su kalendromis, patiekiama su raugintomis daržovėmis",
            "price": "€7.20"
          },
          {
            "name": "Trinta pomidorų sriuba su skrebučiais",
            "desc": "Baklažanai, cukinijos, grietinėlė, kreminis sūris",
            "price": "€6.20"
          }
        ]
      },
      {
        "category": "Užkandžiai ir salotos",
        "items": [
          {
            "name": "Užtepėlių rinkinys Pchali",
            "desc": "Špinatų, porų, baklažanų ir burokėlių lapų užtepėlės su graikiniais riešutais",
            "price": "€13.00"
          },
          {
            "name": "Baklažanų ir cukinijų suktinukai",
            "desc": "Su baziliku, kalendra ir graikinių riešutų pesto, 4 vnt.",
            "price": "€10.40"
          },
          {
            "name": "Baklažanų salotos",
            "desc": "Kepti baklažanai ir cukinijos su bazilikais ir granatų sėklomis",
            "price": "€8.40"
          },
          {
            "name": "Sūrio užkandėlė",
            "desc": "Sūrių rinkinys su marinuotomis alyvuogėmis, čili paprikų džemu ir čiurčchela",
            "price": "€16.40"
          },
          {
            "name": "Baklažanų suktinukai (4 vnt.)",
            "desc": "Tradiciniai kepti baklažanai su graikinių riešutų įdaru",
            "price": "€11.40"
          },
          {
            "name": "Kartveliškos salotos",
            "desc": "Tradicinės kartveliškos pomidorų ir agurkų salotos su žolelėmis, graikiniais riešutais, aliejaus ir acto užpilu",
            "price": "€8.40"
          },
          {
            "name": "Adžabsandal",
            "desc": "Baklažanų, paprikų ir pomidorų užkandis su kalendromis, patiekiama su keptais tortilijų traškučiais",
            "price": "€10.00"
          },
          {
            "name": "Šaltas kiaulienos šašlyko užkandis",
            "desc": "Su špinatais, pomidorais, gražgarstėmis, lavašo paplotėliu ir granatų sėklomis",
            "price": "€9.40"
          },
          {
            "name": "Asparagus Pkhali",
            "desc": "Asparagus Pkhali with flatbread crisps",
            "price": "€11.00"
          },
          {
            "name": "Baklažanų suktinukai su vištiena",
            "desc": "žolelių ir acto marinate",
            "price": "€10.40"
          }
        ]
      },
      {
        "category": "Chačapuri",
        "items": [
          {
            "name": "Imeruli",
            "desc": "Imeretijos regiono apvalus mielinis chačapuri su kartvelišku sūriu, pagardintas sviestu",
            "price": "€14.40"
          },
          {
            "name": "Adžaruli",
            "desc": "Valtelės formos Adžarijos regiono chačapuri su kartvelišku sūriu ir kiaušinio tryniu",
            "price": "€15.00"
          },
          {
            "name": "Megruli",
            "desc": "Megrelijos regiono mielinis chačapuri su kartvelišku sūriu viduje ir sūrio plutele, restorano šefo mėgstamiausias",
            "price": "€16.40"
          },
          {
            "name": "Naminis",
            "desc": "Sluoksniuotos teškos chačapuri su kartvelišku sūriu",
            "price": "€14.40"
          },
          {
            "name": "Badridžanit",
            "desc": "Sluoksniuota tešla, baklažanai, kartveliškas sūris, peletrūnas, čiobreliai, raudonasis adžikos padažas",
            "price": "€14.40"
          },
          {
            "name": "Kubdari",
            "desc": "Mielinės tešlos regioninis patiekalas su raudonąjame vyne marinuota kiauliena ir veršiena",
            "price": "€15.40"
          },
          {
            "name": "Karališkas chačapuri",
            "desc": "Valtelės formos mielinis chačapuri su kartvelišku sūriu, kalendromis ir raudonąjame vyne marinuota kiauliena ir veršiena",
            "price": "€15.40"
          },
          {
            "name": "Čakrakini",
            "desc": "Sluoksniuotos tešlos chačapuri su karvelišku sūriu, burokėlių lapais ir kepintu svogūnu",
            "price": "€13.40"
          }
        ]
      },
      {
        "category": "Chinkali",
        "items": [
          {
            "name": "Chinkali Mtiuluri (5 vnt.)",
            "desc": "Jautiena ir kiauliena, svogūnai ir prieskoniai",
            "price": "€10.40"
          },
          {
            "name": "Chinkali Kalakuri (5 vnt.)",
            "desc": "Jautiena ir kiauliena su šviežiomis kalendromis",
            "price": "€11.40"
          },
          {
            "name": "Chinkali su grybais (5 vnt.)",
            "desc": "Pievagrybiai, baravykai, peletrūnas, svogūnai",
            "price": "€10.00"
          },
          {
            "name": "Chinkali su aviena (5 vnt.)",
            "desc": "Aviena, kalendra, svogūnai, prieskoniai",
            "price": "€12.00"
          }
        ]
      },
      {
        "category": "Karštieji patiekalai",
        "items": [
          {
            "name": "Megreliškas ėrienos charčo",
            "desc": "Ėriena pomidoriniame graikinių riešutų padaže su kalendra",
            "price": "€17.40"
          },
          {
            "name": "Škmeruli",
            "desc": "Troškintas kukurūzinis viščiukas tabaka (500 gr) su česnakiniu grietinėlės padažu",
            "price": "€17.00"
          },
          {
            "name": "Ėriuko koja su raudono vyno glazūra",
            "desc": "Patiekiama su kepsnių bulvytėmis ir karštu brokolių, žiedinių kopūstų ir pomidorų garnyru",
            "price": "€22.40"
          },
          {
            "name": "Kepti grybai",
            "desc": "Kreivabudės ir pievagrybiai su kalendromis",
            "price": "€9.40"
          }
        ]
      },
      {
        "category": "Patiekalai ant žarijų",
        "items": [
          {
            "name": "Vištienos šašlykas",
            "desc": "Vištienos šašlykas su šviežių daržovių ir svogūnų salotomis, jūsų pasirinktu garnyru ir padažu",
            "price": "€16.40"
          },
          {
            "name": "Kiaulienos šoninės šašlykas",
            "desc": "Kiaulienos šoninės šašlykas su šviežių daržovių ir svogūnų salotomis, jūsų pasirinktu garnyru ir padažu",
            "price": "€17.40"
          },
          {
            "name": "Kiaulienos sprandinės šašlykas",
            "desc": "Kiaulienos sprandinės šašlykas su šviežių daržovių ir svogūnų salotomis, jūsų pasirinktu garnyru ir padažu",
            "price": "€17.40"
          },
          {
            "name": "Ėrienos šašlykas",
            "desc": "Avienos šašlykas su šviežių daržovių ir svogūnų salotomis, jūsų pasirinktu garnyru ir padažu",
            "price": "€20.40"
          },
          {
            "name": "Lašišos šašlykas",
            "desc": "Lašišos šašlykas su šviežių daržovių ir svogūnų salotomis, jūsų pasirinktu garnyru ir padažu",
            "price": "€20.00"
          },
          {
            "name": "Avienos ir veršienos liulia kebabas",
            "desc": "Avienos ir veršienos liulia kebabas, patiekiamas ant lavašo su šviežių daržovių ir svogūnų salotomis, jūsų pasirinktu garnyru ir padažu. * šiek tiek kiaulienos *",
            "price": "€17.40"
          },
          {
            "name": "Kiaulienos ir jautienos liulia kebabas",
            "desc": "Kiaulienos ir jautienos liulia kebabas, patiekiamas ant lavašo su šviežių daržovių ir svogūnų salotomis, jūsų pasirinktu garnyru ir padažu",
            "price": "€16.40"
          },
          {
            "name": "Kalakutienos ir vištienos liulia kebabas",
            "desc": "Vištienos ir kalakutienos liulia kebabas, patiekiamas ant lavašo su šviežių daržovių ir svogūnų salotomis, jūsų pasirinktu garnyru ir padažu. * šiek tiek kiaulienos *",
            "price": "€14.40"
          }
        ]
      },
      {
        "category": "Desertai",
        "items": [
          {
            "name": "Medaus pyragas su graikiniais riešutais ir karamele",
            "desc": "Sluoksniuotas medaus pyragas su plikytu kremu, papuoštas karamelės padažu, graikiniais riešutais ir dumplainiais",
            "price": "€6.40"
          },
          {
            "name": "Pachlava su graikiniais riešutais",
            "desc": "Sluoksniuotas filo tešlos desertas su riešutų įdaru, papuoštas karamelės padažu ir dumplainiais",
            "price": "€7.00"
          }
        ]
      },
      {
        "category": "Padažai",
        "items": [
          {
            "name": "Graikinių riešutų adžika🌶",
            "desc": "Tradicinis gruziniškas padažas iš graikinių riešutų, raudonųjų aitriųjų paprikų, česnako, žolelių ir prieskonių",
            "price": "€1.65"
          },
          {
            "name": "Pomidorų Saciabeli",
            "desc": "Tradicinis gruziniškas padažas iš pomidorų ir raudonųjų pipirų",
            "price": "€1.65"
          },
          {
            "name": "Raudona aitri adžika🌶🌶",
            "desc": "Tradicinis gruziniškas aštrus padažas iš raudonųjų aitriųjų paprikų, česnako, žolelių ir prieskonių",
            "price": "€1.65"
          },
          {
            "name": "Grietinė",
            "desc": "",
            "price": "€1.15"
          },
          {
            "name": "Granatų Naršarabas",
            "desc": "",
            "price": "€1.65"
          }
        ]
      },
      {
        "category": "Gėrimai",
        "items": [
          {
            "name": "Kartveliškas limonadas Natakhtari 0,5 l",
            "desc": "",
            "price": "€4.90"
          },
          {
            "name": "Sultys Granini 0,25 l",
            "desc": "",
            "price": "€3.50"
          },
          {
            "name": "Coca-Cola 0,25 l",
            "desc": "",
            "price": "€3.50"
          },
          {
            "name": "Coca Cola ZERO 0.25L stikl. but.",
            "desc": "",
            "price": "€3.50"
          },
          {
            "name": "Sprite 0,25 l",
            "desc": "",
            "price": "€3.50"
          },
          {
            "name": "Nealkoholinis alus Carlsberg 0,33 l",
            "desc": "",
            "price": "€4.50"
          },
          {
            "name": "Mineralinis vanduo Haage 0.33 l",
            "desc": "",
            "price": "€2.90"
          },
          {
            "name": "Gazuotas mineralinis vanduo Haage 0.33 l",
            "desc": "",
            "price": "€2.90"
          },
          {
            "name": "Gira Blindos Gardžioji 0.33 l",
            "desc": "",
            "price": "€3.90"
          },
          {
            "name": "Schweppes 0.25 l",
            "desc": "",
            "price": "€3.50"
          }
        ]
      },
      {
        "category": "Įrankiai🍴",
        "items": [
          {
            "name": "Įrankų rinkinys",
            "desc": "",
            "price": "€0.15"
          }
        ]
      }
    ]
  },
  {
    "address": "Vilniaus g. 33",
    "location": [
      25.2788865566244,
      54.68331939581996
    ],
    "name": "Piano Piano (Vilniaus g.)",
    "rating": {
      "rating": 4,
      "score": 9
    },
    "short_description": "Autentiška itališka virtuvė",
    "id": "piano-piano",
    "tags": [
      "itališka",
      "makaronai",
      "pica"
    ],
    "distance": "0.6 km",
    "duration": 8,
    "menu": [
      {
        "category": "Įrankiai 🍴",
        "items": [
          {
            "name": "Medinis peilis ir šakutė",
            "desc": "Ekologiški įrankiai",
            "price": "€0.33"
          },
          {
            "name": "Organiško plastiko šaukštas",
            "desc": "Ekologiški įrankiai",
            "price": "€0.10"
          }
        ]
      },
      {
        "category": "Užkandžiai",
        "items": [
          {
            "name": "Tuno tartare",
            "desc": "Bulvių gratin, avokadas, kaparėliai, svogūnai, laimo sultys, sojos padažas, piano piano chipotle majonezas, žolelių aliejus, skrudinta duona",
            "price": "€14.00"
          },
          {
            "name": "Lašišos tartare",
            "desc": "Avokadas, svogūnai, piano piano, majonezas, laimų sultys, kimchi, sojos padažas, žolelių aliejus, špinatų lapai, topinambų traškučiai",
            "price": "€13.50"
          },
          {
            "name": "Jautienos carpaccio",
            "desc": "Gražgastės, kaparėliai, pinijų riešutai, kietasis sūris, saulėje džiovinti pomidorai, alyvuogių aliejus, balzamiko kremas",
            "price": "€15.20"
          },
          {
            "name": "Grilyje keptos tigrinės krevetės 8 vnt.",
            "desc": "Bulvių traškučiai, piano piano chipotle majonezas",
            "price": "€13.00"
          },
          {
            "name": "Sūrių rinkinys",
            "desc": "Mėlynojo pelėsio sūris Danablu, kietasis sūris Grana Pedano, karvių pieno sūris Brie, kietasis sūris Pecorino, vynuogės, namų gamybos traškios lazdelės, džemas",
            "price": "€14.50"
          },
          {
            "name": "Cheese balls",
            "desc": "Keptos ricotta sūrio spurgytės, serrano kumpis, juodųjų alyvuogių dribsniai, pomidorų - daržovių padažas",
            "price": "€8.50"
          },
          {
            "name": "Mėsyčių rinkinys",
            "desc": "Saliamis Napoli, Chorizo, aštrus saliamis Vetricina, Serrano kumpis, saliamis su trumais, kaparių uogos, namų gamybos traškios lazdelės, juodosios alyvuogės, saulėjė džiovinti pomidorai, vyšniniai pomidorai",
            "price": "€14.50"
          },
          {
            "name": "Piano Piano olives",
            "desc": "Piano Piano aliejuje marinuotos juodosios alyvuogės, de la abuella žaliosios alyvuogės, skrudinta itališka duonelė",
            "price": "€8.00"
          },
          {
            "name": "Piano Piano bulvių traškučiai",
            "desc": "Piano Piano chipotle majonezas",
            "price": "€5.00"
          },
          {
            "name": "Schiaccata",
            "desc": "Picos paplotėlis, kietasis sūris, juodosios ayvuogės, česnakinis aliejus",
            "price": "€8.50"
          },
          {
            "name": "Skrudinti kalmarų žiedai",
            "desc": "Čili pipirai, laimas, marinuotų agurkų, kaparėlių ir citrinų sulčių padažas, skrudinta duona, kaparėliai",
            "price": "€9.50"
          },
          {
            "name": "Skrudintos vištienos juostelės",
            "desc": "Morkos, salierai, agurkai, sūrio padažas, gražgarstės",
            "price": "€9.00"
          },
          {
            "name": "Jautienos tartar",
            "desc": "Marinuoti agurkai, kaparėliai, saulėje džiovinti pomidorai, kietasis sūris, garstyčios, mėlynasis svogūnas, putpelės kiaušinis, gražgarstės, skrudinta duona",
            "price": "€14.50"
          }
        ]
      },
      {
        "category": "Itališki sumuštiniai - Bruschetta",
        "items": [
          {
            "name": "Bruschetta con fichi 2vnt.",
            "desc": "Serrano kumpis, sūris mozzarella, saulėje džiovinti pomidorai, gražgarstės, džemas, balzamiko kremas",
            "price": "€6.20"
          },
          {
            "name": "Bruschetta con portobello 2 vnt.",
            "desc": "Portobello grybas, saulėje džiovinti pomidorai, švieži ridikėliai, gražgarstės, naminis majonezas",
            "price": "€5.90"
          },
          {
            "name": "Bruschetta con Brie e pesto 2vnt.",
            "desc": "Brie sūris, Piano Piano pesto, pinijų riešutai, gražgarstės",
            "price": "€5.90"
          },
          {
            "name": "Bruschetta con chorizo 2vnt.",
            "desc": "Chorizo saliamis, juodosios pupelės, svogūnai, jalapeno pipirai, Piano Piano chipotle majonezas, gražgarstės",
            "price": "€5.90"
          },
          {
            "name": "Bruschetta con gamberetti 2vnt.",
            "desc": "Krevetės, vyšniniai pomidorai, pesto rosso, bazilikas, žolelių aliejus",
            "price": "€6.40"
          }
        ]
      },
      {
        "category": "Picos",
        "items": [
          {
            "name": "Margheritta",
            "desc": "Trintų pomidorų padažas, sūris mozzarella",
            "price": "€8.50"
          },
          {
            "name": "Capricciosa",
            "desc": "Trintų pomidorų padažas, sūris mozzarella, kumpis, pievagrybiai",
            "price": "€10.90"
          },
          {
            "name": "Chorizo",
            "desc": "Trintų pomidorų padažas, sūris mozzarella, saliamis chorizo, česnakas, bazilikas",
            "price": "€11.00"
          },
          {
            "name": "Tuna",
            "desc": "Trintų pomidorų padažas, sūris mozzarella, tunas, svogūnai, kaparėliai",
            "price": "€12.00"
          },
          {
            "name": "Serrano Con Finchi",
            "desc": "Trintų pomidorų padažas, sūris mozzarella, serrano kumpis, sūris brie, gražgarstės, figų džemas",
            "price": "€12.50"
          },
          {
            "name": "Contadina",
            "desc": "Trintų pomidorų padažas, sūris mozzarella, serrano kumpis, iceberg salotos, garžgarstės, vyšniniai pomidorai, kietasis sūris",
            "price": "€12.50"
          },
          {
            "name": "Maya",
            "desc": "Trintų pomidorų padažas, sūris mozzarella, vištiena, ananasai, vyšniniai pomidorai, saldus čili padažas",
            "price": "€11.30"
          },
          {
            "name": "Diavola",
            "desc": "Trintų pomidorų padažas, sūris mozzarella, saliamis, jalapeno pipirai, bazilikas, juodos alyvuogės",
            "price": "€11.00"
          },
          {
            "name": "Azteca",
            "desc": "Trintų pomidorų padažas, sūris mozzarella, kumpis, jalapeno pipirai, grietinė",
            "price": "€10.90"
          },
          {
            "name": "Gamberetti e burrata",
            "desc": "Trintų pomidorų padažas, mozzarella sūris, tigrinės krevetės, burrata sūris, bazilikas",
            "price": "€17.50"
          },
          {
            "name": "Quattro formaggi",
            "desc": "Trintų pomidorų padažas, sūris Mozzarella, sūris Brie, sūris Gorgonzola, kietasis sūris",
            "price": "€11.00"
          },
          {
            "name": "Cipolla caramellata",
            "desc": "Trintų pomidorų padažas, sūris mozzarella, karamelizuoti mėlynieji svogūnai, špinatai, ožkos sūris, sūris gorgonzola, česnakas, čili pipirai",
            "price": "€11.70"
          },
          {
            "name": "Rinfrescante",
            "desc": "Trintų pomidorų padažas, sūris mozzarella, virtas kumpis, pomidorai, špinatai, kietasis sūris, krapų padažas",
            "price": "€11.40"
          },
          {
            "name": "Funghi",
            "desc": "Trintų pomidorų padažas, sūris mozzarella, portobello grybai, trumų aliejus, bazilikas.",
            "price": "€11.00"
          }
        ]
      },
      {
        "category": "Sriubos",
        "items": [
          {
            "name": "Piano Piano pomidorų sriuba",
            "desc": "Pomidorai, ravioli su ricotta ir špinatais, gražgarstės, kietasis sūris, žolelių aliejus",
            "price": "€6.50"
          },
          {
            "name": "Minestrone",
            "desc": "Cukinija, salieras, morkos, svogūnai, pupelės, pomidorai, makaronai, kietasis sūris, žolelių aliejus.",
            "price": "€5.50"
          },
          {
            "name": "Zuppa di pesce",
            "desc": "Lašiša, krevetės, midijos, morkos, salieras, svogūnasi, česnakai, juodosios alyvuogės, kaparėliai, kalendra",
            "price": "€8.00"
          }
        ]
      },
      {
        "category": "Salotos",
        "items": [
          {
            "name": "Keptų burokėlių su burrata",
            "desc": "Kepti burokėliai, burrata sūris, gražgarstės, pinijų riešutai, skrudinta duona, grūdėtos garstyčios, balzamikas, alyvuogių aliejus, medus, degintas česnakas",
            "price": "€13.00"
          },
          {
            "name": "Nicoise",
            "desc": "Ant grotelių keptas tunas, romėninės salotos, vyšniniai pomidorai, šparaginės pupelės, virtos bulvės, juodosios alyvuogės, mėlynasis svogūnas, putpelės kiaušinis, ančiuvių ir kaparėlių padažas",
            "price": "€13.90"
          },
          {
            "name": "Cezario salotos",
            "desc": "Romėninės salotos, gruzdintos šoninės dribsniai, vyšniniai pomidorai, agurkas, mėlynasis svogūnas, kietasis sūris, skrudinta duona, majonezo - ančiuvių padažas",
            "price": "€9.20"
          },
          {
            "name": "Cezario salotos su vištienos krūtinėle",
            "desc": "Romėninės salotos, gruzdintos šoninės dribsniai, vyšniniai pomidorai, agurkas, mėlynasis svogūnas, kietasis sūris, skrudinta duona, majonezo - ančiuvių padažas, vištienos krūtinėlė",
            "price": "€11.30"
          },
          {
            "name": "Cezario salotos su krevetėmis",
            "desc": "Romėninės salotos, gruzdintos šoninės dribsniai, vyšniniai pomidorai, agurkas, mėlynasis svogūnas, kietasis sūris, skrudinta duona, majonezo - ančiuvių padažas, grill krevetės",
            "price": "€13.00"
          },
          {
            "name": "Salotos su lašiša",
            "desc": "Kepta lašišos filė, jaunos bulvės, čili pipirai, mėlynieji svogūnai, salotų lapai, putpelių kiaušiniai, kaparėliai, paprikos, vyšniniai pomidorai, marinuoti ančiuviai, česnakai, kaparėlių padažas",
            "price": "€14.30"
          }
        ]
      },
      {
        "category": "Makaronai",
        "items": [
          {
            "name": "Penne su vištiena",
            "desc": "Vištiena, pievagrybiai, svogūnai, kietasis sūris, grietinėlės padažas, bazilikas",
            "price": "€11.00"
          },
          {
            "name": "Spaghetti bolognese",
            "desc": "Bolognese padažas, kietasis sūris, bazilikas",
            "price": "€10.00"
          },
          {
            "name": "Tagliatelle su lašiša",
            "desc": "Lašiša, špinatai, ricotta sūris, kietasis sūris, svogūnai, baltas vynas, grietinėlės padažas, citrinų sultys",
            "price": "€11.80"
          },
          {
            "name": "Tagliatelle su krevetėmis",
            "desc": "Krevetės, gražgarstės, kietasis sūris, marinara padažas, grietinėlės padažas",
            "price": "€12.30"
          },
          {
            "name": "Spaghetti carbonara",
            "desc": "Šoninė, kiaušinio trynys, svogūnai, alyvuogių aliejus, šviežias bazilikas, kietasis sūris, baltas vynas",
            "price": "€10.30"
          },
          {
            "name": "Lazanija",
            "desc": "Vištienos ir baravykų įdaras, sūris mozzarella, kietasis sūris, grietinėlė, svogūnai, bešamelio padažas, marinara padažas, gražgarstės",
            "price": "€12.90"
          },
          {
            "name": "Pappardelle su portabello grybais ir trumų aliejum",
            "desc": "Portabello grybai, trumų aliejus, trumų pasta, šparaginės pupelės, grietinėlė, sūris parmigiano, baklažanai",
            "price": "€12.30"
          },
          {
            "name": "Pappardelle su burrata",
            "desc": "Sūris burrata, piano piano pesto, pinijų riešutai, šviežias bazilikas, alyvuogių aliejus",
            "price": "€14.40"
          }
        ]
      },
      {
        "category": "Pagrindiniai patiekalai",
        "items": [
          {
            "name": "Lašišos kepsnys",
            "desc": "Bulvių pure, žiedinis kopūstas, romanesco brokolis, špinatai, alyvuogės, kaparėliai, morkų muslinas, builis",
            "price": "€19.80"
          },
          {
            "name": "Bulvių kukulaičiai Gnocchi su trumų aliejumi",
            "desc": "Trumų aliejus, špinatai, svogūnai, cukinija, grietinėlė, žolelių aliejus, baltas vynas, kietasis sūris, kaparėliai",
            "price": "€11.00"
          },
          {
            "name": "Ant grotelių kepta jautienos išpjova",
            "desc": "Grill daržovės, bulvės, pipirinis padažas",
            "price": "€29.00"
          },
          {
            "name": "Ant grotelių keptas tuno didkepsnis",
            "desc": "Keptos bulvės, kepti pomidorai, garžgarstės, ančiuvių ir kaparėlių padažas, juodųjų alyvuogių dribsniai, Piano Piano pesto, baziliko padažas",
            "price": "€27.50"
          },
          {
            "name": "Keptas otas halibut al forno",
            "desc": "Oto filė, žemės riešutai, rissotto su cukinija, svogūnais ir pievagrybiais, juodųjų alyvuogių dribsniai, Piano Piano pesto padažas",
            "price": "€21.00"
          },
          {
            "name": "Vištiena apkepta sezamo sėklose",
            "desc": "Vištienos filė įdaryta kietuoju sūriu, sezamo sėklos, bulvių puree, lapinės salotos, sūrių padažas",
            "price": "€14.00"
          },
          {
            "name": "Cozze alla crema",
            "desc": "Midijos, grietinėlė, baltas vynas, svogūnai, česnakai, kalendra, bulvių skiltelės, piano piano chipotle majonezas",
            "price": "€16.50"
          },
          {
            "name": "Midijos su sūrio padažu",
            "desc": "Svogūnai, česnakai, baltas vynas, grietinėlė, petražolės, čederio sūris, bulvių skiltelės, piano piano chipotle majonezas",
            "price": "€16.50"
          },
          {
            "name": "Antienos confit",
            "desc": "Antienos kulšelė, bulvių piure, salierai, morkos, daržinis builis, gravy padažas, žolelių aliejus, raudonas vynas",
            "price": "€19.50"
          }
        ]
      },
      {
        "category": "Risotto",
        "items": [
          {
            "name": "Rissotto su vištiena",
            "desc": "Su vištiena, cukinija, svogūnais, pievagrybiais, kietuoju sūriu, baltu vynu, grietinėle",
            "price": "€11.50"
          },
          {
            "name": "Rissotto su krevetėmis",
            "desc": "Su krevetėmis, cukinija, kaparėliais, svogūnais, pievagrybiais, kietuoju sūriu, baltu vynu, grietinėle",
            "price": "€13.00"
          },
          {
            "name": "Rissotto su cukinijomis",
            "desc": "Su cukinija, portabello grybais, svogūnais, saulėje džiovintais pomidorais, kietuoju sūriu, baltu vynu, grietinėle",
            "price": "€10.30"
          }
        ]
      },
      {
        "category": "Desertai",
        "items": [
          {
            "name": "Tiramisu",
            "desc": "",
            "price": "€7.00"
          },
          {
            "name": "Pistacijų - sūrio pyragas",
            "desc": "Mascarponė sūris, pistacijų žemė",
            "price": "€7.50"
          }
        ]
      },
      {
        "category": "Gėrimai",
        "items": [
          {
            "name": "Pepsi 0,2 l",
            "desc": "",
            "price": "€2.70"
          },
          {
            "name": "7UP 0,2 l",
            "desc": "",
            "price": "€2.70"
          },
          {
            "name": "Mirinda 0,2 l",
            "desc": "",
            "price": "€2.70"
          },
          {
            "name": "Mate Mate toning ice tea 0,5 l",
            "desc": "",
            "price": "€5.50"
          },
          {
            "name": "Heineken nealkoholinis 0,33 l",
            "desc": "",
            "price": "€4.00"
          },
          {
            "name": "Aqua Morelli sparkling water 0,75 l",
            "desc": "",
            "price": "€5.00"
          },
          {
            "name": "Aqua Morelli still water 0,75 l",
            "desc": "",
            "price": "€5.00"
          },
          {
            "name": "Franklin&Sons Raspberry 0,275 l",
            "desc": "",
            "price": "€4.90"
          },
          {
            "name": "Franklin&Sons Ginger Beer 0,2 l",
            "desc": "",
            "price": "€4.00"
          },
          {
            "name": "Rauch juice 0,2 l",
            "desc": "",
            "price": "€2.90"
          },
          {
            "name": "Aqua Morelli sparkling water 0,25 l",
            "desc": "",
            "price": "€3.50"
          },
          {
            "name": "Aqua Morelli still water 0,25 l",
            "desc": "",
            "price": "€3.50"
          },
          {
            "name": "Gubernijos Gira 0,33 l",
            "desc": "",
            "price": "€3.20"
          }
        ]
      }
    ]
  },
  {
    "address": "Švitrigailos g. 11A",
    "location": [
      25.2674637,
      54.676734
    ],
    "name": "Helen Restoranas",
    "rating": {
      "rating": 4,
      "score": 9.2
    },
    "short_description": "Turtinga ir išskirtinė maisto kultūra",
    "id": "helen-restoranas",
    "tags": [
      "falafeliai",
      "kebabai",
      "libanietiška"
    ],
    "distance": "0.9 km",
    "duration": 13,
    "menu": [
      {
        "category": "Wolt Specials",
        "items": [
          {
            "name": "2. Vištienos kebabas",
            "desc": "Vištiena su česnakais, marinuoti agurkėliai, salotos ir padažas",
            "price": "€5.70\n7.00"
          },
          {
            "name": "12. Falafelių wrap",
            "desc": "Falafeliai su petražolėmis ir mėta, pomidorai, marinuoti agurkėliai, Tarator padažas",
            "price": "€5.70\n7.00"
          }
        ]
      },
      {
        "category": "Sriubos",
        "items": [
          {
            "name": "1. Lęšių sriuba",
            "desc": "",
            "price": "€4.00"
          }
        ]
      },
      {
        "category": "Vištienos patiekalai",
        "items": [
          {
            "name": "2. Vištienos kebabas",
            "desc": "Vištiena su česnakais, marinuoti agurkėliai, salotos ir padažas",
            "price": "€7.00"
          },
          {
            "name": "3. Vištienos kebabas lėkštėje",
            "desc": "Vištiena, salotos, padažas, gruzdintos bulvytės",
            "price": "€9.50"
          },
          {
            "name": "4. Vištienos šašlyko kebabas",
            "desc": "Vištienos šašlykas su česnaku, Coleslaw salotos ir marinuoti agurkėliai",
            "price": "€7.30"
          },
          {
            "name": "5. Vištienos šašlyko kebabas lėkštėje",
            "desc": "Vištienos šašlykas su česnaku, gruzdintos bulvytės, salotos ir marinuoti agurkėliai",
            "price": "€9.70"
          },
          {
            "name": "6. Grill vištiena lėkštėje",
            "desc": "Grill vištienos krutinėlė, libanietiškos salotos ir gruzdintos bulvytės",
            "price": "€9.50"
          },
          {
            "name": "7. Vištienos šašlykas lavaše 32 cm",
            "desc": "250 g vištienos krūtinėlės, marinuotas agurkas, pomidoras, Sirijos Tumų padažas, svogūnas, petražolės, keptos bulvytės",
            "price": "€9.50"
          },
          {
            "name": "8. Vištienos šavarma lekštėje",
            "desc": "250 g vištienos šavarmos, marinuotas agurkas, pomidoras, sirų Toum padažas, svogūnas, petražolės, keptos bulvytės + bulvytės ir sirų Toum padažas",
            "price": "€10.50"
          },
          {
            "name": "9. Vištienos šavarma lavašė",
            "desc": "250 g vištienos šavarmos, marinuotas agurkas, pomidoras, sirų Toum padažas, svogūnas, petražolės, keptos bulvytės",
            "price": "€9.00"
          }
        ]
      },
      {
        "category": "Jautienos patiekalai",
        "items": [
          {
            "name": "7. Libanietiški Kibbeh",
            "desc": "2 vnt. Jautiena, bulgur kruopos, riešutai, patiekiama kartu su salotomis ir specialiu padažu",
            "price": "€12.50"
          },
          {
            "name": "8. Jautienos kufta lėkštė su bulguru",
            "desc": "Ant grotelių kepta jautiena, česnakinis padažas, salotos, bulguras",
            "price": "€11.50"
          },
          {
            "name": "10. Libanietškas jautienos burgeris",
            "desc": "Grill jautiena, gruzdintos bulvytės, pomidorai ir pomidorų padažas",
            "price": "€7.10"
          },
          {
            "name": "11. Libanietškas jautienos burgerio kompleksas",
            "desc": "Grill jautiena, gruzdintos bulvytės, pomidorai ir pomidorų padažas, patiekiama su gruzdintomis bulvytėmis",
            "price": "€9.00"
          },
          {
            "name": "22. Libanietiška jautienos Sambosak lėkštė (6 vnt.)",
            "desc": "Naminė šviežia traški tešla, įdaryta mėsa",
            "price": "€7.00"
          },
          {
            "name": "23. Libanietiškas jautienos koufta sumuštinis",
            "desc": "Svogūnas, grill jautiena, žalumynai, petražolės",
            "price": "€7.30"
          },
          {
            "name": "24. Libanietiškas jautienos Kibbeh (6 vnt.)",
            "desc": "Kruopos įdarytos šviežia jautienos mėsa, patiekiama su jogurto, mėtos ir agurko padažu",
            "price": "€8.50"
          }
        ]
      },
      {
        "category": "Vegetariški patiekalai",
        "items": [
          {
            "name": "12. Falafelių wrap",
            "desc": "Falafeliai su petražolėmis ir mėta, pomidorai, marinuoti agurkėliai, Tarator padažas",
            "price": "€7.00"
          },
          {
            "name": "13. Falafelių lėkštė",
            "desc": "Falafeliai su petražolėmis ir mėta, pomidorai, marinuoti agurkėliai, Tarator padažas, salotos.",
            "price": "€8.00"
          },
          {
            "name": "14. Bulvyčių wrap",
            "desc": "Gruzdintos bulvytės, Coleslaw salotos, česnakas, pomidorų padažas",
            "price": "€5.00"
          },
          {
            "name": "15. Gruzdintos bulvytės",
            "desc": "Patiekiama su pomidorų padažu",
            "price": "€4.80"
          },
          {
            "name": "16. Libanietiškas humusas",
            "desc": "",
            "price": "€5.30"
          },
          {
            "name": "17. Libanietiški dolma (7 vnt.)",
            "desc": "Veganiškas, vegetariškas patiekalas",
            "price": "€6.70"
          },
          {
            "name": "21. Libanietiška sambosak su sūriu",
            "desc": "6 vnt. Namuose šviežiai gaminta traški tešla, įdaryta mozarella ir feta sūriu",
            "price": "€6.10"
          }
        ]
      },
      {
        "category": "Salotos",
        "items": [
          {
            "name": "18. Libanietiškos tabule salotos",
            "desc": "",
            "price": "€6.20"
          },
          {
            "name": "19. Libanietiškos fattoush salotos",
            "desc": "Libanietiškos fattoush salotos su traškia duona",
            "price": "€5.30"
          },
          {
            "name": "20. Graikiškos salotos",
            "desc": "Šviežios salotos su alyvuogių aliejumi ir feta sūriu",
            "price": "€6.20"
          }
        ]
      },
      {
        "category": "Gėrimai",
        "items": [
          {
            "name": "Pepsi 0,33 l",
            "desc": "",
            "price": "€1.80"
          },
          {
            "name": "Sprite 0,33 l",
            "desc": "",
            "price": "€1.80"
          },
          {
            "name": "Fanta 0,33 l",
            "desc": "",
            "price": "€1.80"
          },
          {
            "name": "Coca-Cola 0,33 l",
            "desc": "",
            "price": "€1.80"
          },
          {
            "name": "Mirinda 0,33 l",
            "desc": "",
            "price": "€1.80"
          },
          {
            "name": "7UP 0,33 l",
            "desc": "",
            "price": "€1.80"
          },
          {
            "name": "Negazuotas mineralinis vanduo 0,5 l",
            "desc": "",
            "price": "€1.50"
          },
          {
            "name": "Ayran 0,25 l",
            "desc": "",
            "price": "€1.80"
          }
        ]
      }
    ]
  },
  {
    "address": "Vilniaus g. 47 - 4",
    "location": [
      25.282047488087215,
      54.68076794932363
    ],
    "name": "Snatch - Pizza & Snacks (Vilniaus g.)",
    "rating": {
      "rating": 3,
      "score": 8.6
    },
    "short_description": "Naujų skonių gama",
    "id": "snatch-pizza-snacks-vilniaus-g",
    "tags": [
      "pica",
      "pita",
      "BBQ"
    ],
    "distance": "0.5 km",
    "duration": 7,
    "menu": [
      {
        "category": "Pitos",
        "items": [
          {
            "name": "Maža mėnesio Pita su kiaulienos išpjovos šašlyku",
            "desc": "Riboto leidimo, šefo pita su kiaulienos išpjovos šašlyku, tar-tar padažu, marinuotais violetiniais svogūnais bei agurkėliais, icegerg salota, šviežiais agurkais bei vyšniniais pomidorais, rukola ir kečiupu.",
            "price": "€8.40"
          },
          {
            "name": "Maža Pita su plėšyta kiauliena",
            "desc": "Traškios tešlos pita, čederio sūris, plėšyta kiauliena, Tar Tar padažas, marinuotas agurkas, coleslow salotos, rukola, skrudintas svogūnas",
            "price": "€7.90"
          },
          {
            "name": "Maža Pita su traškia vištiena",
            "desc": "Traškios tešlos pita, gruzdinta vištiena, kario padažas, marinuotas agurkas, aisberg salota, coleslow salotos rukola, skrudintas svogūnas",
            "price": "€7.90"
          },
          {
            "name": "Maža Pita su plėšyta jautiena",
            "desc": "Traškios tešlos pita, čederio sūris, plėšyta jautiena, balzaminiai svogūnėliai, rausvasis padažas, marinuotas agurkas, aisberg salota, šviežias agurkas, rukola, sriracha padažas, skrudintas svogūnas",
            "price": "€8.40"
          },
          {
            "name": "Maža Pita su baklažanais ir feta",
            "desc": "Traškios tešlos pita, humusas, baklažanas, aisberg salota, šviežias agurkas, rukola, feta sūris, žalias padažas, granatų sėklos",
            "price": "€7.90"
          },
          {
            "name": "Maža pita su chorizo dešrelėmis",
            "desc": "Traški pitos tešla, čederio sūris, chorizo dešrelės, svogūnų džemas, Tar-Tar padažas, marinuoti agurkai, šv. agurkai, iceberg salotos, rukola, vyšninės paprikos, skrudinti svogūnai",
            "price": "€8.40"
          },
          {
            "name": "Didelė mėnesio Pita su kiaulienos išpjovos šašlyku",
            "desc": "Riboto leidimo, šefo pita su kiaulienos išpjovos šašlyku, tar-tar padažu, marinuotais violetiniais svogūnais bei agurkėliais, icegerg salota, šviežiais agurkais bei vyšniniais pomidorais, rukola ir kečiupu.",
            "price": "€11.50"
          },
          {
            "name": "Didelė Pita su plėšyta kiauliena",
            "desc": "Traškios tešlos pita, čederio sūris, plėšyta kiauliena, Tar Tar padažas, marinuotas agurkas, coleslow salotos, rukola, skrudintas svogūnas",
            "price": "€11.00"
          },
          {
            "name": "Didelė Pita su traškia vištiena",
            "desc": "Traškios tešlos pita, gruzdinta vištiena, coleslaw salotos, marinuotas agurkas, aisberg salotos, skrudinti svogūnai, kario padažas",
            "price": "€11.00"
          },
          {
            "name": "Didelė Pita su baklažanais ir feta",
            "desc": "Traškios tešlos pita, humusas, baklažanas, aisberg salota, šviežias agurkas, rukola, feta sūris, žalias padažas, granatų sėklos",
            "price": "€11.00"
          },
          {
            "name": "Didelė Pita su plėšyta jautiena",
            "desc": "Traškios tešlos pita, čederio sūris, plėšyta jautiena, balzaminiai svogūnėliai, rausvasis padažas, marinuotas agurkas, aisberg salota, šviežias agurkas, rukola, sriracha padažas, skrudintas svogūnas",
            "price": "€11.50"
          },
          {
            "name": "Didelė pita su chorizo dešrelėmis",
            "desc": "Traški pitos tešla, čederio sūris, chorizo dešrelės, svogūnų džemas, Tar-Tar padažas, marinuoti agurkai, šv. agurkai, iceberg salotos, rukola, vyšninės paprikos, skrudinti svogūnai",
            "price": "€11.50"
          }
        ]
      },
      {
        "category": "Picos 30 cm",
        "items": [
          {
            "name": "Margarita",
            "desc": "Traškios tešlos padas, pomidorų padažas, tarkuota mozzarella, raudonėlis",
            "price": "€9.50"
          },
          {
            "name": "Margarita su buffalo mozzarella",
            "desc": "Traškios tešlos padas, pomidorų padažas, tarkuota mozzarella, šviežia mozzarella, raudonėlis",
            "price": "€12.50"
          },
          {
            "name": "Su virtu kumpiu ir grybais",
            "desc": "Traškios tešlos padas, pomidorų padažas, mozzarella, prosciutto cotto (virtas kumpis), grybai",
            "price": "€13.40"
          },
          {
            "name": "Su saliami ir grybais",
            "desc": "Traškios tešlos padas, pomidorų padažas, mozzarella, saliami, grybai",
            "price": "€13.40"
          },
          {
            "name": "Su vytintu kumpiu",
            "desc": "Traškios tešlos padas, pomidorų padažas, mozzarella, vytintas kumpis, rukola",
            "price": "€15.40"
          },
          {
            "name": "Su chorizo dešra",
            "desc": "Traškios tešlos padas, pomidorų padažas, mozzarella, chorizo dešra, saulėje džiovinti pomidorai",
            "price": "€14.40"
          },
          {
            "name": "Su plėšyta kiauliena",
            "desc": "Traškios tešlos padas, pomidorų padažas, BBQ padažas, mozzarella, plėšyta kiauliena, skrudinti svogūnai, vyšniniai pomidorai, rukola",
            "price": "€14.40"
          },
          {
            "name": "Su traškia vištiena",
            "desc": "Traškios tešlos padas, pomidorų padažas, BBQ padažas, mozzarella, gruzdinta vištiena, pomidorai, skrudinti svogūnai, rukola",
            "price": "€16.40"
          },
          {
            "name": "Su Bolognese padažu 🌶",
            "desc": "Traškios tešlos padas, pomidorų padažas, mozzarella, jautienos faršas, jelapenas, balzaminio acto svogūnėliai, rukola",
            "price": "€14.40"
          },
          {
            "name": "Su baklažanais ir feta",
            "desc": "Traškios tešlos padas, pomidorų padažas, mozzarella, feta, baklažanas, granatų sėklos",
            "price": "€13.40"
          },
          {
            "name": "Su artišokais ir grybais",
            "desc": "Traškios tešlos padas, pomidorų padažas, mozzarella, artišokai, grybai, vyšniniai pomidorai, skrudinti svogūnai, rukola",
            "price": "€13.40"
          },
          {
            "name": "Su plėšyta jautiena",
            "desc": "Traškios tešlos padas, pomidorų padažas, tarkuota mozzarella, plėšyta jautiena, violetinis svogūnas, vyšninės paprikos, šoninės traškučiai, raudonėlis, rukola",
            "price": "€16.40"
          },
          {
            "name": "Pica su tunu ir alyvuogėm",
            "desc": "Traškios tešlos padas, pomidorų padažas, tarkuota mozzarella, violetinis svogūnas, marinuotos alyvuogės, tunas, marinuotas agurkas, petražolės, raudonėlis",
            "price": "€13.40"
          },
          {
            "name": "Pica su burrata ir alyvuogėm",
            "desc": "Traškios tešlos padas, pomidorų padažas, tarkuota mozzarella, marinuotas violetinis svogūnas, marinuotos alyvuogės, burrata, rukola, žalias padažas, raudonėlis",
            "price": "€15.90"
          },
          {
            "name": "Pica su burrata ir vytintu kumpiu",
            "desc": "Traškios tešlos padas, pomidorų padažas, tarkuota mozzarella, marinuotas violetinis svogūnas, marinuotos alyvuogės, burrata, vytintas kumpis rukola, raudonėlis",
            "price": "€18.40"
          },
          {
            "name": "Pica su virtu kumpiu ir pancetta",
            "desc": "Traškios tešlos padas, pomidorų padažas, tarkuota mozzarella, violetinis svogūnas, virtas kumpis, pancetta, rukola, raudonėlis",
            "price": "€13.40"
          }
        ]
      },
      {
        "category": "Kiti patiekalai",
        "items": [
          {
            "name": "BBQ vištienos sparneliai 6 vnt.",
            "desc": "Pateikiami su bulvytėmis arba bulvių kroketais",
            "price": "€10.00"
          },
          {
            "name": "BBQ vištienos sparneliai 12 vnt.",
            "desc": "Pateikiami su bulvytėmis arba bulvių kroketais",
            "price": "€14.40"
          },
          {
            "name": "BBQ šonkauliai",
            "desc": "Pateikiami su coleslaw salotomis(kopūstai ir morkos), bulvytėmis arba bulvių kroketais",
            "price": "€14.40"
          },
          {
            "name": "Traški vištiena",
            "desc": "Pateikiami su bulvytėmis arba bulvių kroketais",
            "price": "€11.50"
          },
          {
            "name": "Cezario salotos su vištiena",
            "desc": "Aisberg salotos, traški vištiena, rukola, švieži agurkai, vyšniniai pomidorai, parmezanas, cezario padažas, duonos skrebučiai",
            "price": "€10.40"
          },
          {
            "name": "Cezario salotos su pancetta",
            "desc": "Aisberg salotos, traški pacetta, rukola, švieži agurkai, vyšniniai pomidorai, parmezanas, cezario padažas, duonos skrebučiai",
            "price": "€10.40"
          },
          {
            "name": "Tuno salotos su pita",
            "desc": "Aisberg salotos, rukola, vyšniniai pomidorai, švieži agurkai, tunas, marinuotas violetinis svogūnas, juodosios marinuotos alyvuogės, tartarinis padažas, pita",
            "price": "€10.40"
          },
          {
            "name": "Salotos su burrata",
            "desc": "Aisberg salotos, rukola, vyšniniai pomidorai, švieži agurkai, burrata, marinuotas violetinis svogūnas, juodosios marinuotos alyvuogės, granatų sėklos, žalias padažas, pita",
            "price": "€13.40"
          },
          {
            "name": "Gruzdintos bulvytės",
            "desc": "Su pasirinktu padažu",
            "price": "€4.50"
          },
          {
            "name": "Gruzdinti kroketai",
            "desc": "Su pasirinktu padažu",
            "price": "€4.50"
          },
          {
            "name": "Marinuotos juodosios alyvuogės su citrusais",
            "desc": "Juodosios alyvuogės marinuotos su medumi, apelsinais ir čiobreliais. (100 g. indelis).",
            "price": "€4.50"
          }
        ]
      },
      {
        "category": "Papildomi priedai",
        "items": [
          {
            "name": "Tartar padažas",
            "desc": "",
            "price": "€0.70"
          },
          {
            "name": "Pomidorų padažas",
            "desc": "",
            "price": "€0.70"
          },
          {
            "name": "Rausvasis padažas 🌶",
            "desc": "",
            "price": "€0.70"
          },
          {
            "name": "Kario padažas",
            "desc": "",
            "price": "€0.70"
          },
          {
            "name": "BBQ padažas",
            "desc": "",
            "price": "€0.70"
          },
          {
            "name": "Sriracha padažas",
            "desc": "",
            "price": "€0.70"
          }
        ]
      },
      {
        "category": "Gėrimai",
        "items": [
          {
            "name": "Gazuotas vanduo Neptūnas 0,5 l",
            "desc": "",
            "price": "€1.50"
          },
          {
            "name": "Negazuotas vanduo Neptūnas 0,5 l",
            "desc": "",
            "price": "€1.50"
          },
          {
            "name": "Coca-Cola 0,33 l",
            "desc": "",
            "price": "€2.50"
          },
          {
            "name": "Sprite 0,33 l",
            "desc": "",
            "price": "€2.50"
          },
          {
            "name": "Fanta 0,33 l",
            "desc": "",
            "price": "€2.50"
          },
          {
            "name": "Gira",
            "desc": "",
            "price": "€3.00"
          },
          {
            "name": "Nealkoholinis sidras Tinginio pantis 0,5 l",
            "desc": "",
            "price": "€3.00"
          },
          {
            "name": "Coca cola zero",
            "desc": "",
            "price": "€2.50"
          },
          {
            "name": "Nealkoholinis \"Craft\" alus",
            "desc": "",
            "price": "€3.00"
          }
        ]
      }
    ]
  },
  {
    "address": "Liejyklos g. 8",
    "location": [
      25.2829724,
      54.6836311
    ],
    "name": "Meat Lovers Pub",
    "rating": {
      "rating": 4,
      "score": 9.2
    },
    "short_description": "Burgerių ir barbekiu restoranas",
    "id": "meat-lovers-pub",
    "tags": [
      "mėsainiai",
      "BBQ",
      "užkandžiai"
    ],
    "distance": "0.9 km",
    "duration": 12,
    "menu": [
      {
        "category": "Įrankiai🍴",
        "items": [
          {
            "name": "Vienkartiniai įrankiai",
            "desc": "",
            "price": "€0.40"
          }
        ]
      },
      {
        "category": "Populiariausi patiekalai",
        "items": [
          {
            "name": "Lovers burgeris + bulvytės",
            "desc": "Klasikinis burgeris. Smulkintos jautienos paplotėlis, skrudinta šoninė, chedar sūris, pomidorai, svogūnai, salota, brioche mėsainio bandelė. Pateikiama su gruzdintomis bulvytėmis",
            "price": "€14.40"
          },
          {
            "name": "Berlyno šnicelis",
            "desc": "Pasiilgusiems klasikos. Maniruota kiaulienos sprandinė, coleslow salotos, bulvių košė, teriyaki padažas, citrinos skiltelė",
            "price": "€14.40"
          },
          {
            "name": "Vištienos burgeris + bulvytės",
            "desc": "Grill vištienos filė, pelėsinis sūris, salotos, kaparėliai, tartar padažas, svogūnų džemas, brioche bandelė. Pateikiama su gruzdintomis bulvytėmis",
            "price": "€12.40"
          },
          {
            "name": "Salotos su jautiena",
            "desc": "Mėgstantiems gaiviau. Jautienos išpjova, solotos, agurkas, paprika, ridikai, sojų daigai, cukinija, špinatų lapai, raudonasis svogūnas, vyšniniai pomidorai, medaus - garstyčių padažas",
            "price": "€13.90"
          },
          {
            "name": "Boneless viščiukas",
            "desc": "Puikiai tiks ir vakarėliui ir vakarienei. Iškaulintas viščiukas (450g.), kukurūzo burbuolė, coleslaw salotos, romo - žolelių padažas, čiabata duona. Viščiuko paruošimas trunka apie 40 min",
            "price": "€17.40\n(450 g, €37.78/kg)"
          }
        ]
      },
      {
        "category": "Užkandžiai",
        "items": [
          {
            "name": "Vištienos sparneliai 🌶️",
            "desc": "Idealu prie alaus - patogūs valgyti, aitroki, su sweet chili bei tartar padažais",
            "price": "€8.40"
          },
          {
            "name": "Vištienos grynuoliai",
            "desc": "Vištienos filė gabaliukai džiūvėsėliuose pateikiama su sūrio - figų padažu",
            "price": "€6.40"
          },
          {
            "name": "Sūrio spurgos su jelapenais",
            "desc": "Mūsų gamybos sūrio spurgos su jelapenais ir čipotle padažu",
            "price": "€8.90"
          },
          {
            "name": "Chorizo užkandis",
            "desc": "Chorizo dešrelės, marinuotos alyvuogės, marinuoti svogūnėliai. Pateikiama su skrudinta duonele",
            "price": "€8.90"
          },
          {
            "name": "Marinuotos alyvuogės",
            "desc": "",
            "price": "€4.50"
          }
        ]
      },
      {
        "category": "Mėsainiai",
        "items": [
          {
            "name": "Lovers burgeris + bulvytės",
            "desc": "Klasikinis burgeris. Smulkintos jautienos paplotėlis, skrudinta šoninė, chedar sūris, pomidorai, svogūnai, salota, brioche mėsainio bandelė. Pateikiama su gruzdintomis bulvytėmis",
            "price": "€14.40"
          },
          {
            "name": "Vegetariškas (portabelo) burgeris + bulvytės",
            "desc": "Portabelo grybas, kietasis sūris, svogūnų džemas, salotų miksas bei jogurtinis padažas. Pateikiamas su bulvytėmis",
            "price": "€11.90"
          },
          {
            "name": "Vištienos burgeris + bulvytės",
            "desc": "Grill vištienos filė, pelėsinis sūris, salotos, kaparėliai, tartar padažas, svogūnų džemas, brioche bandelė. Pateikiama su gruzdintomis bulvytėmis",
            "price": "€12.40"
          }
        ]
      },
      {
        "category": "Pagrindiniai patiekalai",
        "items": [
          {
            "name": "Boneless viščiukas",
            "desc": "Puikiai tiks ir vakarėliui ir vakarienei. Iškaulintas viščiukas (450g.), kukurūzo burbuolė, coleslaw salotos, romo - žolelių padažas, čiabata duona. Viščiuko paruošimas trunka apie 40 min",
            "price": "€17.40\n(450 g, €37.78/kg)"
          },
          {
            "name": "Šonkauliai",
            "desc": "Išalkusiems. Kiaulienos šonkauliai, čili pipiras, įdarytos bulvės su šonine ir skrudintais svogūnais. Salotos: įvairių salotų lapai, vyšniniai pomidorai, kalendra, kukurūzai",
            "price": "€17.40"
          },
          {
            "name": "Vištienos kepsnys",
            "desc": "Genialumas paprastume. Grill vištienos filė, ryžiai paruošti su grietinėle ir kietuoju sūriu, saulėje džiovinti pomidorai, sojų daigai, vyšniniai pomidorai",
            "price": "€12.90"
          },
          {
            "name": "Berlyno šnicelis",
            "desc": "Pasiilgusiems klasikos. Maniruota kiaulienos sprandinė, coleslow salotos, bulvių košė, teriyaki padažas, citrinos skiltelė",
            "price": "€14.40"
          },
          {
            "name": "Grill vokiškos dešrelės",
            "desc": "Vokiškos grill dešrelės, balzaminis svogūnų ir salierų padažas, gruzdinti svogūnų traškučiai. Pateikiama su bulvių košę",
            "price": "€12.90"
          }
        ]
      },
      {
        "category": "Salotos",
        "items": [
          {
            "name": "Salotos su vištiena",
            "desc": "Vištienos filė, salotų lapai, ridikai, paprika, vyšniniai pomidorai, špinatų lapai, raudonieji svogūnai, sojų daigai, žaliasis padažas",
            "price": "€11.90"
          },
          {
            "name": "Cezario salotos su vištiena",
            "desc": "Vištienos filė, vyšniniai pomidorai, krutonai, skrudinta šoninė, salotų lapai, kietasis sūris, cezario padažas",
            "price": "€12.90"
          },
          {
            "name": "Salotos su jautiena",
            "desc": "Mėgstantiems gaiviau. Jautienos išpjova, solotos, agurkas, paprika, ridikai, sojų daigai, cukinija, špinatų lapai, raudonasis svogūnas, vyšniniai pomidorai, medaus - garstyčių padažas",
            "price": "€13.90"
          }
        ]
      },
      {
        "category": "Sriubos",
        "items": [
          {
            "name": "Šaltibarsčiai",
            "desc": "Lietuviškas pasididžiavimas. Marinuoti burokėliai, šviežūs agurkai, kefyras, žolelės. Pateikiama su keptomis bulvėmis ir kiaušiniu",
            "price": "€6.40"
          },
          {
            "name": "Čili sriuba 🌶️",
            "desc": "Kai nori aštriau. Smulkinta jautiena, pupelės, kajeno pipirai, paprika, raudonasis svogūnas, pomidorai, tarkuotas kietasis sūris. Pateikiama su čiabata duona",
            "price": "€7.40"
          }
        ]
      },
      {
        "category": "Priedai",
        "items": [
          {
            "name": "Gruzdintos bulvytės (200 g.)",
            "desc": "",
            "price": "€4.00"
          },
          {
            "name": "Coleslow salotos",
            "desc": "Kopūstai, morkos, majonezas, sezamo aliejus",
            "price": "€3.00"
          }
        ]
      },
      {
        "category": "Padažai",
        "items": [
          {
            "name": "Tartar padažas",
            "desc": "",
            "price": "€1.50"
          },
          {
            "name": "Sūrio padažas",
            "desc": "",
            "price": "€1.50"
          },
          {
            "name": "Čipotle padažas",
            "desc": "",
            "price": "€1.50"
          }
        ]
      },
      {
        "category": "Desertai",
        "items": [
          {
            "name": "Sūrio pyragas",
            "desc": "Varškės - sūrio pyragas",
            "price": "€6.90"
          }
        ]
      },
      {
        "category": "Gėrimai",
        "items": [
          {
            "name": "Coca cola 0,33 l",
            "desc": "",
            "price": "€3.00"
          },
          {
            "name": "Sprite 0,33 l",
            "desc": "",
            "price": "€3.00"
          },
          {
            "name": "Fanta 0,33 l",
            "desc": "",
            "price": "€3.00"
          },
          {
            "name": "Coca-cola zero 0,33 l",
            "desc": "",
            "price": "€3.00"
          },
          {
            "name": "Gazuotas mineralinis vanduo Neptūnas 0,33 l",
            "desc": "",
            "price": "€2.00"
          },
          {
            "name": "Negazuotas mineralinis vanduo Neptūnas 0,33 l",
            "desc": "",
            "price": "€2.00"
          }
        ]
      }
    ]
  },
  {
    "address": "Naugarduko g. 12",
    "location": [
      25.2765229,
      54.6769417
    ],
    "name": "Thai House (Naugarduko g.)",
    "rating": {
      "rating": 3,
      "score": 8.8
    },
    "short_description": "Autentiška Tailandietinška virtuvė\n",
    "id": "thai-house-naugarduko-g",
    "tags": [
      "azijietiška",
      "karis",
      "Tailandietiška"
    ],
    "distance": "0.5 km",
    "duration": 7,
    "menu": []
  },
  {
    "address": "Pylimo g. 23",
    "location": [
      25.2772507,
      54.6783248
    ],
    "name": "Uzbekiškas Restoranas BEK",
    "rating": {
      "rating": 3,
      "score": 8.6
    },
    "short_description": "Kulinarijos magija susitinka su Samarkando širdimi",
    "id": "uzbekiskas-restoranas-bek",
    "tags": [
      "Central Asian",
      "azijietiška"
    ],
    "distance": "0.3 km",
    "duration": 4,
    "menu": [
      {
        "category": "Įrankiai🍴",
        "items": [
          {
            "name": "Vienkartiniai įrankiai",
            "desc": "",
            "price": "€0.30"
          }
        ]
      },
      {
        "category": "Pagrindiniai patiekalai",
        "items": [
          {
            "name": "Dimlama",
            "desc": "Samarkando stiliaus Dimlama - subtili mėsa, bulvės, svogūnai, daržovių mišinys lėtai virtas iki tobulumo kazane.",
            "price": "€6.60"
          },
          {
            "name": "Plovas",
            "desc": "Aromatingas ryžių patiekalas su jautiena , morkomis kuris paruošiamas samarkandietišku budu",
            "price": "€11.90"
          },
          {
            "name": "Kazan kebabas",
            "desc": "Sultingi avienos šonkauliai, svogūnai, mėsos sultinyje apskrudinta bulvė bei salotos",
            "price": "€16.90"
          },
          {
            "name": "Keptas lagmanas",
            "desc": "Minkštas lagmanas, švelni mėsa ir skanios daržovės sultingame, aromatingame sultinyje.",
            "price": "€11.40"
          },
          {
            "name": "Dulma",
            "desc": "Mėsos įdaras įvyniotas į vynuogių lapus.",
            "price": "€11.20"
          },
          {
            "name": "Mantai",
            "desc": "Minkšti tešlos pakeliai su jautienos įdaru, bei samarkandietiškais prieskoniais",
            "price": "€11.20"
          },
          {
            "name": "Troškinys",
            "desc": "",
            "price": "€10.20"
          },
          {
            "name": "Koldūnai kepti",
            "desc": "Tešla, mėsos ir daržovių įdaras, keptas iki gražaus apskrudimo",
            "price": "€10.20"
          },
          {
            "name": "Samsa",
            "desc": "Uzbekiškas pyragėlis skrudintas su sultingu mėsos, svogūnų ir prieskonių įdaru",
            "price": "€4.10"
          },
          {
            "name": "Koldūnai virti",
            "desc": "Tešla, mėsos ir daržovių įdaras, virtas iki tobulumo",
            "price": "€9.70"
          },
          {
            "name": "Vištienos sparneliai",
            "desc": "Sultingi, švelnūs viščiukų sparneliai su traškia oda",
            "price": "€9.20"
          },
          {
            "name": "Vištienos gabaliukai",
            "desc": "Traškūs viščiukų gabaliukai.",
            "price": "€9.20"
          }
        ]
      },
      {
        "category": "Salotos",
        "items": [
          {
            "name": "Uzbekiškos",
            "desc": "Švieži ir spalvingi pomidorai, agurkai, svogūnai ir žolelės",
            "price": "€5.90"
          },
          {
            "name": "Cezario salotos",
            "desc": "Šviežios romėnų salotos, džiūvėsėliai, parmezano sūris, keptas viščiukas ir cezario padažas.",
            "price": "€6.10"
          },
          {
            "name": "Smakas",
            "desc": "Gyvybingas mišinys iš pomidorų, agurkų, sūrio, skrebučiu",
            "price": "€6.10"
          },
          {
            "name": "Aštrios salotos 🌶️",
            "desc": "Švieži ir spalvingi pomidorai, agurkai, svogūnai žolelės bei aštrus pipiras",
            "price": "€5.90"
          }
        ]
      },
      {
        "category": "Sriubos",
        "items": [
          {
            "name": "Lagmanas",
            "desc": "Uiguriškas lagmanas, sultinga mėsa, spalvingos daržovės aštrioje ir aromatingoje sriuboje",
            "price": "€10.90"
          },
          {
            "name": "Kukulių sriuba",
            "desc": "Mėsos kukuliai, minkšti makaronai ir sultingas sriubos pagrindas",
            "price": "€9.20"
          },
          {
            "name": "Šurpa",
            "desc": "Minkšti mėsos gabaliukai, spalvingos daržovės ir aromatingi prieskoniai, virti sultinyje",
            "price": "€8.20"
          },
          {
            "name": "Lešių sriuba",
            "desc": "Skanus avinžirnių ir daržovių sultinys",
            "price": "€7.70"
          },
          {
            "name": "Uzbekų duonelė",
            "desc": "Tradicinė uzbekiška duonelė",
            "price": "€2.00"
          }
        ]
      },
      {
        "category": "Gėrimai",
        "items": [
          {
            "name": "Gruziniškas gazuotas vanduo borjomi 500 ml",
            "desc": "",
            "price": "€3.90"
          },
          {
            "name": "Gruziniškas Tunbergo limonadas 500 ml",
            "desc": "",
            "price": "€3.90"
          },
          {
            "name": "Gruziniškas Tarhūnas 500 ml",
            "desc": "",
            "price": "€3.90\nExcl. €0.10 deposit"
          },
          {
            "name": "Gruziniškas kriaušės limonadas 500 ml",
            "desc": "",
            "price": "€3.90\nExcl. €0.10 deposit"
          },
          {
            "name": "Gruziniškas vynuogių skonio limonadas 500 ml",
            "desc": "",
            "price": "€3.90"
          },
          {
            "name": "Gruziniškas Kremo skonio limonadas 500 ml",
            "desc": "",
            "price": "€3.90\n(500 g, €7.80/kg)"
          },
          {
            "name": "Coca-Cola 250 ml",
            "desc": "",
            "price": "€2.30\n(250 ml, €9.20/l)"
          },
          {
            "name": "Fanta 250 ml",
            "desc": "",
            "price": "€2.30\n(250 ml, €9.20/l)"
          },
          {
            "name": "Sprite 250 ml",
            "desc": "",
            "price": "€2.30\n(250 ml, €9.20/l)"
          },
          {
            "name": "Pepsi 250 ml",
            "desc": "",
            "price": "€2.30"
          },
          {
            "name": "Elmenhorster Daržovių sultys 1 l",
            "desc": "",
            "price": "€3.30"
          },
          {
            "name": "Elmenhorster Multivitaminų sultys 1l",
            "desc": "",
            "price": "€3.30"
          },
          {
            "name": "Elmenhorster Mojito gėrimas 1 l",
            "desc": "",
            "price": "€3.30"
          },
          {
            "name": "Elmenhorster Ananasų nektaras 1 l",
            "desc": "",
            "price": "€3.30"
          },
          {
            "name": "Don Simon pomidorų sultys 200 ml",
            "desc": "",
            "price": "€2.90\nExcl. €0.10 deposit"
          },
          {
            "name": "Don Simon vynuogių sultys 200 ml",
            "desc": "",
            "price": "€2.90\nExcl. €0.10 deposit"
          },
          {
            "name": "Don Simon apelsinų sultys 200 ml",
            "desc": "",
            "price": "€2.90\nExcl. €0.10 deposit"
          }
        ]
      }
    ]
  },
  {
    "address": "Algirdo g. 2b - 62",
    "location": [
      25.2700105,
      54.680671
    ],
    "name": "Pekino antis",
    "rating": {
      "rating": 3,
      "score": 8.8
    },
    "short_description": "Tradicinė kinų virtuvė",
    "id": "pekino-antis",
    "tags": [
      "kiniška",
      "azijietiška",
      "vegetariška"
    ],
    "distance": "0.5 km",
    "duration": 8,
    "menu": [
      {
        "category": "Įrankiai",
        "items": [
          {
            "name": "Vienkartiniai įrankiai",
            "desc": "",
            "price": "€0.10"
          }
        ]
      },
      {
        "category": "Šaltieji patiekalai",
        "items": [
          {
            "name": "A1 Kiniškos salotos",
            "desc": "Agurkai, morkos, jautiena, juodieji grybai, krevetės; saldžiarūgščiai aštrios",
            "price": "€11.30"
          },
          {
            "name": "A2 Pekino salotos (aštrios)",
            "desc": "Agurkai, juodieji grybai, sojų makaronai, kiniški kopūstai, jautiena, riešutai",
            "price": "€10.30"
          },
          {
            "name": "A3 Šiaurinės Kinijos naminės salotos (aštrios)",
            "desc": "Kopūstai, violetiniai kopūstai, morkos, kiniški kopūstai,svogūnai, jautiena",
            "price": "€9.30"
          },
          {
            "name": "A4 Salotos Drakono ūsai (aštrios)",
            "desc": "Bulvės, sojų makaronai, morkos; saldžiarūgščiai",
            "price": "€9.30"
          },
          {
            "name": "A5 Jūrų kopūstų salotos",
            "desc": "Jūrų kopūstai, morkos, sojų makaronai",
            "price": "€15.30"
          },
          {
            "name": "A6 Aštrios kiaulių ausų salotos",
            "desc": "",
            "price": "€10.30"
          },
          {
            "name": "A7 Vištų skrandelių užkandėle su aštriuoju padažu",
            "desc": "",
            "price": "€10.30"
          },
          {
            "name": "A8 Jautienos užkandėlė su specialiu aštriuoju padažu",
            "desc": "",
            "price": "€10.80"
          },
          {
            "name": "A9 Sojų mėsos salotos",
            "desc": "Sojų mėsa, morkos, agurkai, sojų makaronai",
            "price": "€9.80"
          },
          {
            "name": "A10 Vištienos salotos su daigintomis sojomis",
            "desc": "",
            "price": "€9.80"
          },
          {
            "name": "A11 Jūros gėrybių kokteilis mix",
            "desc": "",
            "price": "€12.30"
          },
          {
            "name": "A12 Gaiviosios salotos",
            "desc": "",
            "price": "€8.80"
          },
          {
            "name": "A13 Aštrios vištienos salotos",
            "desc": "",
            "price": "€10.30"
          },
          {
            "name": "A14 Triušiena su specialiu aštriuoju padažu",
            "desc": "",
            "price": "€14.30"
          },
          {
            "name": "A15 Fantastiško skonio vištienos salotos",
            "desc": "",
            "price": "€13.30"
          },
          {
            "name": "A16 Fantastiško skonio antienos salotos",
            "desc": "",
            "price": "€15.30"
          },
          {
            "name": "A18 Fantastiško skonio triušienos salotos",
            "desc": "",
            "price": "€15.30"
          },
          {
            "name": "A19 Kalmarų salotos su salierais",
            "desc": "",
            "price": "€13.30"
          },
          {
            "name": "A17 Fantastiško skonio kalakutienos salotos",
            "desc": "",
            "price": "€13.30"
          },
          {
            "name": "A20 Daržovių salotos su krevetėmis",
            "desc": "",
            "price": "€15.80"
          },
          {
            "name": "A21 Anakardžių riešutų salotos su salierais",
            "desc": "",
            "price": "€13.30"
          },
          {
            "name": "A22 Baltų ir juodų kiniškų grybų salotos",
            "desc": "",
            "price": "€13.30"
          },
          {
            "name": "A23 Vištienos salotos Dangaus rūmai",
            "desc": "",
            "price": "€13.30"
          },
          {
            "name": "A24 Sojų makaronų salotos Dangaus rūmai",
            "desc": "",
            "price": "€11.30"
          }
        ]
      },
      {
        "category": "Sriubos",
        "items": [
          {
            "name": "B1 Trijų komponentų",
            "desc": "Vištiena, krabų lazdelės, krevetės",
            "price": "€4.80"
          },
          {
            "name": "B2 Įvairių daržovių",
            "desc": "",
            "price": "€4.30"
          },
          {
            "name": "B3 Aštriarūgštė jūrų kopūstų",
            "desc": "",
            "price": "€5.30"
          },
          {
            "name": "B4 Aštriarūgštė kiaušinių",
            "desc": "",
            "price": "€4.80"
          },
          {
            "name": "B5 Aštriarūgštė kalmarų",
            "desc": "",
            "price": "€5.80"
          },
          {
            "name": "B6 Aštriarūgštė baltų grybų su vištiena",
            "desc": "",
            "price": "€5.30"
          },
          {
            "name": "B7 Jūrų gėrybių kokteilis su daržovėmis",
            "desc": "",
            "price": "€5.30"
          },
          {
            "name": "B8 Violetinių jūrų daržovių su moliuskais sriuba",
            "desc": "",
            "price": "€5.30"
          },
          {
            "name": "B9 Krabų lazdelių su bambukais ir grybais XIANGGU",
            "desc": "",
            "price": "€5.30"
          },
          {
            "name": "B10 Šonkaulių su grybais Xianggu sriuba",
            "desc": "",
            "price": "€5.80"
          },
          {
            "name": "B11 Jautienos sriuba Vakarų ežeras",
            "desc": "",
            "price": "€5.30"
          },
          {
            "name": "B12 Avienos sriuba su sojų makaronais",
            "desc": "",
            "price": "€5.30"
          },
          {
            "name": "B13 Antienos sriuba",
            "desc": "",
            "price": "€5.80"
          },
          {
            "name": "B14 Pekino sriuba",
            "desc": "",
            "price": "€5.30"
          },
          {
            "name": "B15 Kukuliukų Hun Dun sriuba",
            "desc": "",
            "price": "€5.30"
          },
          {
            "name": "B16 Vištienos su ženšeniu sriuba",
            "desc": "",
            "price": "€5.30"
          },
          {
            "name": "B17 Lašišų su ženšeniais sriuba moliniame inde",
            "desc": "",
            "price": "€7.80"
          },
          {
            "name": "B18 Ryklių pelekų su krevetėmis sriuba",
            "desc": "",
            "price": "€9.80"
          },
          {
            "name": "B19 Saldžių kukurūzų tiršta",
            "desc": "",
            "price": "€4.80"
          },
          {
            "name": "B20 Tofu sriuba su makaronais ir kiniškais kopūstais",
            "desc": "",
            "price": "€6.30"
          },
          {
            "name": "B21 Imbierinė jautienos sriuba",
            "desc": "",
            "price": "€5.80"
          },
          {
            "name": "B22 Karpio sriuba su bambukais ir XIANGGU grybais",
            "desc": "",
            "price": "€5.80"
          }
        ]
      },
      {
        "category": "Daržovių patiekalai",
        "items": [
          {
            "name": "C1 Keptos daržovės",
            "desc": "",
            "price": "€12.80"
          },
          {
            "name": "C2 Švelniai keptos daržovės",
            "desc": "",
            "price": "€13.30"
          },
          {
            "name": "C3 Naminio skonio tofu sūris",
            "desc": "",
            "price": "€16.30"
          },
          {
            "name": "C4 Sezoninės daržovės moliuskų padaže",
            "desc": "",
            "price": "€13.80"
          },
          {
            "name": "C5 Brokoliai su česnakais",
            "desc": "",
            "price": "€15.80"
          },
          {
            "name": "C6 Kepti brokoliai su krabų lazdelėmis",
            "desc": "",
            "price": "€15.80"
          },
          {
            "name": "C7 Kepti brokoliai su kalmarais",
            "desc": "",
            "price": "€18.80"
          },
          {
            "name": "C8 Kepti brokoliai su jūrų gėrybėmis",
            "desc": "",
            "price": "€18.30"
          },
          {
            "name": "C9 Keptos sojų pupelės su kiauliena",
            "desc": "",
            "price": "€14.80"
          },
          {
            "name": "C10 Disanxian trijų daržovių troškinys",
            "desc": "Baklažanai, paprikos, bulvės",
            "price": "€14.80"
          },
          {
            "name": "C11 Grybai XIANGGU ir bambukai moliuskų padaže",
            "desc": "",
            "price": "€15.30"
          },
          {
            "name": "C12 Troškinti baklažanai sojų padaže",
            "desc": "",
            "price": "€16.30"
          },
          {
            "name": "C13 Žuvies skonio baklažanai (aštrūs)",
            "desc": "",
            "price": "€16.80"
          },
          {
            "name": "C14 Kepti baklažanai juodųjų sojų padaže",
            "desc": "",
            "price": "€16.80"
          },
          {
            "name": "C15 Grybai XIANGGU su kiniškais kopūstais",
            "desc": "",
            "price": "€13.30"
          },
          {
            "name": "C16 Juoda ir balta (juodieji kiniški grybai, kiniški kopūstai)",
            "desc": "",
            "price": "€16.30"
          },
          {
            "name": "C17 Kepti jūrų kopūstai su kiauliena",
            "desc": "",
            "price": "€16.30"
          },
          {
            "name": "C18 Žuvies skonio įdaryti baklažanai su mėsa",
            "desc": "",
            "price": "€18.80"
          },
          {
            "name": "C19 Įdaryti baklažanai karštoje metalinėje lėkštėje",
            "desc": "",
            "price": "€18.80"
          },
          {
            "name": "C20 Bifengtang baklažanai įdaryti mėsa",
            "desc": "",
            "price": "€18.80"
          },
          {
            "name": "C21 Žiediniai kopūstai su krevetėmis ir žirneliais",
            "desc": "",
            "price": "€16.30"
          }
        ]
      },
      {
        "category": "Kiaulienos patiekalai",
        "items": [
          {
            "name": "D1 Quizhou šonkauliukai",
            "desc": "",
            "price": "€13.80"
          },
          {
            "name": "D2 Šonkauliukai sojų padaže",
            "desc": "",
            "price": "€13.80"
          },
          {
            "name": "D3 Saldžiarūgščiai šonkauliai",
            "desc": "",
            "price": "€13.80"
          },
          {
            "name": "D4 Šičuano šonkauliai (aštrūs)",
            "desc": "",
            "price": "€13.80"
          },
          {
            "name": "D5 Kepti šonkauliukai juodųjų sojų padaže",
            "desc": "",
            "price": "€13.80"
          },
          {
            "name": "D6 Mingo šonkauliukai",
            "desc": "",
            "price": "€13.80"
          },
          {
            "name": "D7 Kepti kiaulienos šonkauliukai su česnakais",
            "desc": "",
            "price": "€14.80"
          },
          {
            "name": "D8 Pekino šonkauliai",
            "desc": "",
            "price": "€13.80"
          },
          {
            "name": "D9 Žuvies skonio šonkauliukai",
            "desc": "",
            "price": "€14.80"
          },
          {
            "name": "D10 Žuvies skonio kiauliena (aštri)",
            "desc": "",
            "price": "€14.30"
          },
          {
            "name": "D11 Gongbao kiaulienos gabaliukai (aštrūs)",
            "desc": "",
            "price": "€13.80"
          },
          {
            "name": "D12 Kiaulienos kepsneliai pomidorų padaže",
            "desc": "",
            "price": "€13.80"
          },
          {
            "name": "D13 Kiaulienos kepsneliai moliuskų padaže",
            "desc": "",
            "price": "€13.80"
          },
          {
            "name": "D14 Kiaulienos gabaliukai kario padaže",
            "desc": "",
            "price": "€13.80"
          },
          {
            "name": "D15 Kiaulienos kepsneliai aluje",
            "desc": "",
            "price": "€13.80"
          },
          {
            "name": "D16 Kiaulienos kepsneliai su ananasais",
            "desc": "",
            "price": "€13.30"
          },
          {
            "name": "D17 Kiaulienos kepsneliai su česnakais",
            "desc": "",
            "price": "€14.80"
          },
          {
            "name": "D18 Kiaulienos kepsneliai su pievagrybiais",
            "desc": "",
            "price": "€14.80"
          },
          {
            "name": "D19 Kiauliena su bambukais ir Xianggu grybais",
            "desc": "",
            "price": "€14.80"
          },
          {
            "name": "D20 Gulao kiaulienos gabaliukai (pomidorų padaže)",
            "desc": "",
            "price": "€14.80"
          },
          {
            "name": "D21 Guabao kiaulienos gabaliukai (saldžiarūgščiai)",
            "desc": "",
            "price": "€14.80"
          },
          {
            "name": "D22 Kiauliena karštoje metalinėje lėkštėje",
            "desc": "",
            "price": "€15.80"
          },
          {
            "name": "D23 Čili kiaulienos kepsneliai",
            "desc": "",
            "price": "€16.80"
          },
          {
            "name": "D25 Kiauliena su šviežiomis daigintomis sojomis",
            "desc": "",
            "price": "€14.30"
          },
          {
            "name": "D26 Kiaulienos kepsneliai su svogūnais",
            "desc": "",
            "price": "€12.80"
          },
          {
            "name": "D27 Kepta kiauliena su bulvėmis sojų padaže",
            "desc": "",
            "price": "€13.80"
          },
          {
            "name": "D28 Kiaulienos kepsneliai su daržovėmis",
            "desc": "",
            "price": "€13.80"
          },
          {
            "name": "D30 Kepta kiauliena su kiniškais kopūstais",
            "desc": "",
            "price": "€13.80"
          },
          {
            "name": "D31 Skrudinta kiauliena su sezamais",
            "desc": "",
            "price": "€15.80"
          },
          {
            "name": "D32 Kepta kiauliena su imbierais",
            "desc": "",
            "price": "€15.80"
          },
          {
            "name": "D33 Kiaulienos kepsnys Ant ugnikalnio akmenų",
            "desc": "",
            "price": "€15.80"
          }
        ]
      },
      {
        "category": "Avienos patiekalai",
        "items": [
          {
            "name": "F1 Avienos kepsneliai su bulvėmis sojų padaže",
            "desc": "",
            "price": "€21.30"
          },
          {
            "name": "F2 Avienos kepsneliai su porais",
            "desc": "",
            "price": "€21.30"
          },
          {
            "name": "F3 Avienos kepsneliai kario padaže",
            "desc": "",
            "price": "€21.30"
          },
          {
            "name": "F4 Avienos kepsneliai moliuskų padaže",
            "desc": "",
            "price": "€21.30"
          },
          {
            "name": "F5 Avienos kepsneliai česnakų padaže",
            "desc": "",
            "price": "€21.30"
          },
          {
            "name": "F6 Greitai paruošti avienos kepsneliai",
            "desc": "",
            "price": "€21.30"
          },
          {
            "name": "F7 Aštrūs avienos kepsneliai",
            "desc": "",
            "price": "€21.30"
          },
          {
            "name": "F8 Ziran avienos gabaliukai",
            "desc": "",
            "price": "€22.30"
          },
          {
            "name": "F9 Avienos kepsneliai su daržovėmis",
            "desc": "",
            "price": "€21.30"
          },
          {
            "name": "F10 Aviena su bambukais ir grybais XIANGGU",
            "desc": "",
            "price": "€22.30"
          },
          {
            "name": "F11 Aviena karštoje metalinėje lėkštėje",
            "desc": "",
            "price": "€23.30"
          },
          {
            "name": "F14 Čili avienos gabaliukai",
            "desc": "",
            "price": "€23.30"
          },
          {
            "name": "F15 Kepta aviena su imbierais",
            "desc": "",
            "price": "€22.30"
          }
        ]
      },
      {
        "category": "Triušienos patiekalai",
        "items": [
          {
            "name": "G1 Triušiena su bulvėmis sojų padaže",
            "desc": "",
            "price": "€17.80"
          },
          {
            "name": "G2 GONGBAO triušienos kubeliai ( aštrūs )",
            "desc": "",
            "price": "€18.30"
          },
          {
            "name": "G3 Žuvies skonio triušienos gabaliukai ( aštrūs )",
            "desc": "",
            "price": "€19.30"
          },
          {
            "name": "G4 Triušienos gabaliukai kario padaže",
            "desc": "",
            "price": "€17.80"
          },
          {
            "name": "G5 Triušienos gabaliukai moliuskų padaže",
            "desc": "",
            "price": "€19.30"
          },
          {
            "name": "G6 Triušienos kepsneliai su porais",
            "desc": "",
            "price": "€18.80"
          },
          {
            "name": "G7 Triušienos kepsneliai juodųjų sojų padaže",
            "desc": "",
            "price": "€18.80"
          },
          {
            "name": "G8 QUIZHOU triušienos gabaliukai",
            "desc": "",
            "price": "€18.80"
          },
          {
            "name": "G9 Triušienos kepsneliai su daržovėmis",
            "desc": "",
            "price": "€17.80"
          },
          {
            "name": "G10 Triušiena su bambukais ir grybais XIANGGU",
            "desc": "",
            "price": "€19.30"
          },
          {
            "name": "G11 Triušiena karštoje metalinėje lėkštėje",
            "desc": "",
            "price": "€19.30"
          },
          {
            "name": "G12 Aštrūs triušienos gabaliukai",
            "desc": "",
            "price": "€19.30"
          }
        ]
      },
      {
        "category": "Vištienos patiekalai",
        "items": [
          {
            "name": "H1 Guifei sparneliai",
            "desc": "",
            "price": "€13.30"
          },
          {
            "name": "H2 Aromatingi traškūs vištų sparneliai",
            "desc": "",
            "price": "€14.30"
          },
          {
            "name": "H3 Aromatinga traškioji vištos kulšelė",
            "desc": "",
            "price": "€13.30"
          },
          {
            "name": "H4 Pekino vištos kulšelė sojų padaže",
            "desc": "",
            "price": "€13.30"
          },
          {
            "name": "H6 Vištienos gabaliukai su pievagrybiais",
            "desc": "",
            "price": "€13.80"
          },
          {
            "name": "H7 Vištiena su ananasais",
            "desc": "",
            "price": "€14.30"
          },
          {
            "name": "H8 Gongbao vištienos kubeliai (aštrūs)",
            "desc": "",
            "price": "€14.30"
          },
          {
            "name": "H9 Vištienos gabaliukai kario padaže",
            "desc": "",
            "price": "€13.80"
          },
          {
            "name": "H10 Vištienos kepsneliai moliuskų padaže",
            "desc": "",
            "price": "€14.80"
          },
          {
            "name": "H11 Vištienos kepsneliai pomidorų padaže",
            "desc": "",
            "price": "€14.80"
          },
          {
            "name": "H12 Zhaoyuan vištiena (aštri)",
            "desc": "",
            "price": "€14.80"
          },
          {
            "name": "H13 Quizhou vištiena (aštri)",
            "desc": "",
            "price": "€14.80"
          },
          {
            "name": "H14 Daugiaspalvės vištienos gabaliukai",
            "desc": "",
            "price": "€14.80"
          },
          {
            "name": "H15 Kepta vištiena su sojos makaronais",
            "desc": "",
            "price": "€13.80"
          },
          {
            "name": "H16 Kepta vištiena su sezamais",
            "desc": "",
            "price": "€15.80"
          },
          {
            "name": "H17 Žuvies skonio vištienos gabaliukai (saldžiarūgščiai aštrūs)",
            "desc": "",
            "price": "€14.80"
          },
          {
            "name": "H18 Vištiena su bambulais ir grybais Xianggu",
            "desc": "",
            "price": "€15.80"
          },
          {
            "name": "H19 Vištienos Vyšnaitės (pomidorų padaže)",
            "desc": "",
            "price": "€15.80"
          },
          {
            "name": "H20 Guabao vištienos gabaliukai (saldžiai rūgštūs)",
            "desc": "",
            "price": "€15.80"
          },
          {
            "name": "H21 Vištiena karštoje metalinėje lėkštėje",
            "desc": "",
            "price": "€16.30"
          },
          {
            "name": "H22 Čili vištienos kepsneliai",
            "desc": "",
            "price": "€16.80"
          },
          {
            "name": "H23 Vištienos gabaliukai su daržovėmis",
            "desc": "",
            "price": "€14.30"
          },
          {
            "name": "H26 Vištienos kepsnys Ant ugnikalnio akmenų",
            "desc": "",
            "price": "€16.30"
          },
          {
            "name": "H27 Ugninė vištiena",
            "desc": "",
            "price": "€15.80"
          }
        ]
      },
      {
        "category": "Jautienos patiekalai",
        "items": [
          {
            "name": "E1 Jautienos kepsneliai su bulvėmis sojų padaže",
            "desc": "",
            "price": "€17.80"
          },
          {
            "name": "E2 Sičuano jautienos kepsneliai",
            "desc": "",
            "price": "€19.30"
          },
          {
            "name": "E3 Žuvies skonio jautienos juostelės (aštrios)",
            "desc": "",
            "price": "€19.80"
          },
          {
            "name": "E4 Jautienos kepsneliai moliuskų padaže",
            "desc": "",
            "price": "€18.80"
          },
          {
            "name": "E5 Jautienos kepsneliai kario padaže",
            "desc": "",
            "price": "€18.30"
          },
          {
            "name": "E6 Jautienos kepsneliai su svogūnais",
            "desc": "",
            "price": "€17.80"
          },
          {
            "name": "E7 Kepta jautiena su pomidorais",
            "desc": "",
            "price": "€18.80"
          },
          {
            "name": "E8 Gongbao jautienos kubeliai",
            "desc": "",
            "price": "€19.30"
          },
          {
            "name": "E9 Jautienos kepsneliai česnakų padaže",
            "desc": "",
            "price": "€18.80"
          },
          {
            "name": "E10 Zran jautienos gabaliukai",
            "desc": "",
            "price": "€19.30"
          },
          {
            "name": "E11 Kepta jautiena su juodaisiais pipirais",
            "desc": "",
            "price": "€18.80"
          },
          {
            "name": "E12 Jautienos troškinys su porais",
            "desc": "",
            "price": "€18.80"
          },
          {
            "name": "E13 Čili jautienos gabaliukai",
            "desc": "",
            "price": "€20.30"
          },
          {
            "name": "E14 Jautienos gabaliukai su pievagrybiais",
            "desc": "",
            "price": "€18.30"
          },
          {
            "name": "E15 Yanjian jautiena",
            "desc": "",
            "price": "€18.80"
          },
          {
            "name": "E16 Jautienos kepsneliai juodųjų sojų padaže",
            "desc": "",
            "price": "€18.80"
          },
          {
            "name": "E17 Skrudinti jautienos kepsneliai su sezamais",
            "desc": "",
            "price": "€20.30"
          },
          {
            "name": "E18 Jautiena su bambukais ir Xianggu grybais",
            "desc": "",
            "price": "€19.80"
          },
          {
            "name": "E19 Pekino jautienos kepsneliai",
            "desc": "",
            "price": "€18.80"
          },
          {
            "name": "E20 Guabao jautienos gabaliukai (saldžiai rūgštūs)",
            "desc": "",
            "price": "€19.80"
          },
          {
            "name": "E21 Šača jautienos gabaliukai (aštrūs)",
            "desc": "",
            "price": "€19.30"
          },
          {
            "name": "E22 Jautienos kepsneliai karštoje metalinėje lėkštėje",
            "desc": "",
            "price": "€19.30"
          },
          {
            "name": "E24 Kepta jautiena su daržovėmis",
            "desc": "",
            "price": "€18.30"
          },
          {
            "name": "E26 Jautienos kepsnys Ant ugnikalio akmenų",
            "desc": "",
            "price": "€20.30"
          }
        ]
      },
      {
        "category": "Kalakutienos patiekalai",
        "items": [
          {
            "name": "J1 Kalakutiena su bulvėmis sojų padaže",
            "desc": "",
            "price": "€12.30"
          },
          {
            "name": "J2 Žuvies skonio kalakutienos gabaliukai (aštrūs)",
            "desc": "",
            "price": "€14.30"
          },
          {
            "name": "J3 Gongbao kalakutienos gabaliukai (aštrūs)",
            "desc": "",
            "price": "€13.80"
          },
          {
            "name": "J4 Kalakutienos gabaliukai kario padaže",
            "desc": "",
            "price": "€13.30"
          },
          {
            "name": "J5 Kalakutienos kepsneliai moliuskų padaže",
            "desc": "",
            "price": "€13.30"
          },
          {
            "name": "J7 Kalakutiena su bambukais ir kiniškais grybais Xianggu",
            "desc": "",
            "price": "€15.30"
          },
          {
            "name": "J6 Kalakutienos gabaliukai su pievagrybiais",
            "desc": "",
            "price": "€13.30"
          },
          {
            "name": "J8 Guabao kalakutienos gabaliukai (saldžiai rūgštūs)",
            "desc": "",
            "price": "€14.30"
          },
          {
            "name": "J9 Aštriai paruošti kalakutienos gabaliukai",
            "desc": "",
            "price": "€16.30"
          },
          {
            "name": "J10 Kalakutiena karštoje metalinėje lėkštėje",
            "desc": "",
            "price": "€16.30"
          },
          {
            "name": "J11 Greitai paruošti kalakutienos kepsneliai su porais",
            "desc": "",
            "price": "€13.80"
          },
          {
            "name": "J13 Čili kalakutienos kepsneliai",
            "desc": "",
            "price": "€14.80"
          },
          {
            "name": "J14 Kalakutienos kepsneliai su daržovėmis",
            "desc": "",
            "price": "€14.30"
          },
          {
            "name": "J16 Kalakutienos kepsnys Ant ugnikalnio akmenų",
            "desc": "",
            "price": "€16.30"
          }
        ]
      },
      {
        "category": "Antienos patiekalai",
        "items": [
          {
            "name": "K1 Antienos kepsneliai su daržovėmis",
            "desc": "",
            "price": "€16.30"
          },
          {
            "name": "K2 Aromatingieji traškūs antienos kepsneliai",
            "desc": "",
            "price": "€19.30"
          },
          {
            "name": "K3 Antienos kubeliai su bulvėmis sojų padaže",
            "desc": "",
            "price": "€16.30"
          },
          {
            "name": "K4 Aštri antis",
            "desc": "",
            "price": "€16.30"
          },
          {
            "name": "K5 Antienos kepsneliai su ananasais",
            "desc": "",
            "price": "€16.30"
          },
          {
            "name": "K6 Antienos kepsneliai su apelsinais",
            "desc": "",
            "price": "€16.30"
          },
          {
            "name": "K7 Antienos kepsneliai kario padaže",
            "desc": "",
            "price": "€16.30"
          },
          {
            "name": "K8 Antienos kepsneliai moliuskų padaže",
            "desc": "",
            "price": "€16.30"
          },
          {
            "name": "K9 Aluje troškinti antienos gabaliukai",
            "desc": "",
            "price": "€16.30"
          },
          {
            "name": "K10 Antienos kepsneliai juodųjų sojų padaže",
            "desc": "",
            "price": "€16.30"
          },
          {
            "name": "K11 Quizhou antienos gabaliukai",
            "desc": "",
            "price": "€16.30"
          },
          {
            "name": "K12 Antienos kepsneliai karštoje metalinėje lėkštėje",
            "desc": "",
            "price": "€17.30"
          },
          {
            "name": "K13 Šača antienos gabaliukai",
            "desc": "",
            "price": "€17.30"
          },
          {
            "name": "K14 Šanchajaus antienos kepsneliai",
            "desc": "",
            "price": "€20.30"
          },
          {
            "name": "K16 Žuvies skonio antienos kepsneliai (saldžiarūgščiai aštrūs)",
            "desc": "",
            "price": "€19.30"
          }
        ]
      },
      {
        "category": "Žuvų patiekalai",
        "items": [
          {
            "name": "M1 Jūros lydekos kepsneliai",
            "desc": "",
            "price": "€10.30"
          },
          {
            "name": "M2 Jūros lydeka pomidorų padaže",
            "desc": "",
            "price": "€10.80"
          },
          {
            "name": "M3 Gonbao jūros lydeka",
            "desc": "",
            "price": "€11.30"
          },
          {
            "name": "M4 Aštri jūros lydeka",
            "desc": "",
            "price": "€12.30"
          },
          {
            "name": "M5 Jūros lydeka su česnakais",
            "desc": "",
            "price": "€12.30"
          },
          {
            "name": "M6 Jūros lydeka saldžiarūgščiai aštriame padaže",
            "desc": "",
            "price": "€12.30"
          },
          {
            "name": "M7 Jūros lydeka su daržovėmis",
            "desc": "",
            "price": "€11.30"
          },
          {
            "name": "M8 Keptas karpis su aštriuoju padažu",
            "desc": "",
            "price": "€12.80"
          },
          {
            "name": "M9 Traški jūros lydeka",
            "desc": "",
            "price": "€11.80"
          },
          {
            "name": "M10 Guabao karpių gabaliukai (saldžiai rūgštūs)",
            "desc": "",
            "price": "€14.80"
          },
          {
            "name": "M11 Greitieji karpių kepsneliai su porais",
            "desc": "",
            "price": "€13.30"
          },
          {
            "name": "M12 Karpis saldžiarūgščiai aštriame padaže",
            "desc": "",
            "price": "€14.30"
          },
          {
            "name": "M13 Jūrų lydekos kepsneliai sojų padaže",
            "desc": "",
            "price": "€12.30"
          },
          {
            "name": "M14 Jūrų lydekos su bambukais ir grybais Xianggu",
            "desc": "",
            "price": "€13.30"
          },
          {
            "name": "M15 Keptas sterkas su porais ir česnakais",
            "desc": "",
            "price": "€17.30"
          },
          {
            "name": "M16 Keptas sterkas sojų padaže",
            "desc": "",
            "price": "€17.30"
          },
          {
            "name": "M17 Karpis Voveraitė (pomidorų padaže)",
            "desc": "",
            "price": "€21.30"
          },
          {
            "name": "M18 Karpis Chrizantema (pomidorų padaže)",
            "desc": "",
            "price": "€21.80"
          },
          {
            "name": "M19 Dvejopo skonio karpis",
            "desc": "",
            "price": "€23.30"
          },
          {
            "name": "M20 Keturių skonių karpis",
            "desc": "",
            "price": "€24.30"
          },
          {
            "name": "M21 Keptas otas aštriame padaže",
            "desc": "",
            "price": "€22.30"
          },
          {
            "name": "M22 Šiaurinės Kinijos naminis karpis",
            "desc": "",
            "price": "€22.30"
          },
          {
            "name": "M23 Otas specialiame padaže su česnakais ir imbieru",
            "desc": "",
            "price": "€22.30"
          }
        ]
      },
      {
        "category": "Krevečių patiekalai",
        "items": [
          {
            "name": "P1 Gongbao krevetės (aštrios)",
            "desc": "",
            "price": "€16.30"
          },
          {
            "name": "P2 Keptos krevetės su vištiena ir anakardžių riešutais",
            "desc": "",
            "price": "€16.30"
          },
          {
            "name": "P3 Žuvų skonio krevetės (aštrios)",
            "desc": "",
            "price": "€15.30"
          },
          {
            "name": "P4 Švelniai keptos krevetės",
            "desc": "",
            "price": "€15.30"
          },
          {
            "name": "P5 Keptos krevetės pomidorų padaže",
            "desc": "",
            "price": "€15.30"
          },
          {
            "name": "P6 Krevetės kario padaže",
            "desc": "",
            "price": "€15.30"
          },
          {
            "name": "P7 Keptos krevetės su vaisiais",
            "desc": "",
            "price": "€15.30"
          },
          {
            "name": "P8 Greitai paruoštos krevetės",
            "desc": "",
            "price": "€15.30"
          },
          {
            "name": "P9 Krevetės karštoje metalinėje lėkštėje",
            "desc": "",
            "price": "€17.30"
          },
          {
            "name": "P10 Keptos didelės krevetės pomidorų padaže",
            "desc": "",
            "price": "€22.80"
          },
          {
            "name": "P11 Saldžiarūgštės didelės krevetės",
            "desc": "",
            "price": "€24.30"
          },
          {
            "name": "P12 Gongbao didelės krevetės (aštrios)",
            "desc": "",
            "price": "€23.30"
          },
          {
            "name": "P13 Jiaoyan didelės krevetės",
            "desc": "",
            "price": "€24.30"
          },
          {
            "name": "P14 Didelės krevetės karštoje metalinėje lėkštėje",
            "desc": "",
            "price": "€25.30"
          },
          {
            "name": "P15 Bifengtang krevetės",
            "desc": "",
            "price": "€26.30"
          }
        ]
      },
      {
        "category": "Jūros gėrybių patiekalai",
        "items": [
          {
            "name": "R1 Aštrus jūros gėrybių kokteilis",
            "desc": "",
            "price": "€13.80"
          },
          {
            "name": "R2 Jūrų gėrybės su pievagrybiais",
            "desc": "",
            "price": "€13.80"
          },
          {
            "name": "R3 Keptos jūrų gėrybės",
            "desc": "",
            "price": "€14.30"
          },
          {
            "name": "R4 Jūrų gėrybės karštoje metalinėje lėkštėje",
            "desc": "",
            "price": "€15.80"
          },
          {
            "name": "R5 Jūrų gėrybės su bambukais ir grybais Xianggu",
            "desc": "",
            "price": "€15.80"
          },
          {
            "name": "R6 Jūrų gėrybės su daržovėmis",
            "desc": "",
            "price": "€13.80"
          },
          {
            "name": "R8 Jūrų gėrybės Ant ugnikalnio akmenų",
            "desc": "",
            "price": "€15.30"
          },
          {
            "name": "R9 Kepti kalmarai su grybais ir bambukais",
            "desc": "",
            "price": "€14.30"
          },
          {
            "name": "R10 Švelniai troškinti kalmarai",
            "desc": "",
            "price": "€13.80"
          },
          {
            "name": "R11 Kepti kalmarai su ananasais",
            "desc": "",
            "price": "€14.80"
          },
          {
            "name": "R12 Kepti kalmarai moliuskų padaže",
            "desc": "",
            "price": "€15.30"
          },
          {
            "name": "R13 Kepti kalmarai su česnakais",
            "desc": "",
            "price": "€14.30"
          },
          {
            "name": "R14 Kepti kalmarai karštoje metalinėje lėkštėje",
            "desc": "",
            "price": "€15.80"
          },
          {
            "name": "R15 Kalmarai su daržovėmis",
            "desc": "",
            "price": "€14.30"
          },
          {
            "name": "R16 Kalmarai su salierais ir anakardžių riešutais",
            "desc": "",
            "price": "€14.80"
          },
          {
            "name": "R17 Žiedo formos kalmarai",
            "desc": "",
            "price": "€16.80"
          },
          {
            "name": "R18 Kepti maži aštuonkojai su porais",
            "desc": "",
            "price": "€16.30"
          },
          {
            "name": "R25 Kepti žalieji moliuskai su porais ir imbierais",
            "desc": "",
            "price": "€13.80"
          },
          {
            "name": "R26 Garuose paruošti žalieji moliuskai su česnakais",
            "desc": "",
            "price": "€13.80"
          },
          {
            "name": "R27 Garuose paruošti žalieji moliuskai juodųjų sojų padaže",
            "desc": "",
            "price": "€13.80"
          },
          {
            "name": "R28 Kalmarai su salierais",
            "desc": "",
            "price": "€14.30"
          }
        ]
      },
      {
        "category": "Varlių, sraigių pateikalai",
        "items": [
          {
            "name": "U1 Keptos varlių šlaunelės su daržovėmis (5 vnt.)",
            "desc": "",
            "price": "€19.30"
          },
          {
            "name": "U2 Keptos varlių šlaunelės su grybais Xianggu",
            "desc": "",
            "price": "€19.80"
          },
          {
            "name": "U3 Keptos varlių šlaunelės Jiaoyan",
            "desc": "",
            "price": "€19.30"
          },
          {
            "name": "U4 Aromatingos traškančios varlių šlaunelės",
            "desc": "",
            "price": "€19.80"
          },
          {
            "name": "U5 Keptos varlių šlaunelės sojų padaže",
            "desc": "",
            "price": "€18.80"
          },
          {
            "name": "U6 Aštrios varlių šlaunelės",
            "desc": "",
            "price": "€18.80"
          },
          {
            "name": "U7 Varlių šlaunelės karštoje metalinėje lėkštėje",
            "desc": "",
            "price": "€19.30"
          }
        ]
      },
      {
        "category": "Kiti patiekalai",
        "items": [
          {
            "name": "Z1 Virti ryžiai",
            "desc": "",
            "price": "€2.00"
          },
          {
            "name": "Z2 Kepti ryžiai su kiaušiniais",
            "desc": "",
            "price": "€2.80"
          },
          {
            "name": "Z3 Kepti ryžiai su daržovėmis ir kiaušiniu",
            "desc": "",
            "price": "€3.30"
          },
          {
            "name": "Z4 Kepti ryžiai su krevetėmis",
            "desc": "",
            "price": "€4.10"
          },
          {
            "name": "Z5 YANGZHOU ryžiai",
            "desc": "",
            "price": "€4.10"
          },
          {
            "name": "Z6 Kepti ryžiai su kario padažu",
            "desc": "",
            "price": "€4.10"
          },
          {
            "name": "Z7 Kepti ryžiai su jautiena",
            "desc": "",
            "price": "€4.10"
          },
          {
            "name": "Z8 Virti koldūnai su kiaulienos ir jautienos įdaru ( rankų darbo)",
            "desc": "",
            "price": "€10.30"
          },
          {
            "name": "Z9 Kepti koldūnai su kiaulienos ir jautienos įdarų (rankų darbo)",
            "desc": "",
            "price": "€10.80"
          },
          {
            "name": "Z10 Skrudinti koldūnai su kiaulienos ir jautienos įdaru(rankų darbo)",
            "desc": "",
            "price": "€10.80"
          },
          {
            "name": "Z11 Spring rolls su mėsos įdaru",
            "desc": "",
            "price": "€10.30"
          },
          {
            "name": "Z12 Spring rolls su daržovėmis",
            "desc": "",
            "price": "€8.30"
          }
        ]
      },
      {
        "category": "Padažai",
        "items": [
          {
            "name": "Y1 Sojų ir česnakų padažas",
            "desc": "",
            "price": "€1.90"
          },
          {
            "name": "Y2 Pekino sojų padažas",
            "desc": "",
            "price": "€1.90"
          },
          {
            "name": "Y3 Saldžiarūgštis pomidorų padažas",
            "desc": "",
            "price": "€1.90"
          },
          {
            "name": "Y4 Guabao padažas (saldžiai rūgštus)",
            "desc": "",
            "price": "€1.90"
          },
          {
            "name": "Y5 Žuvies skonio padažas (saldžiarūgščiai aštrus)",
            "desc": "",
            "price": "€1.90"
          },
          {
            "name": "Y6 Čili padažas (aštrus)",
            "desc": "",
            "price": "€1.90"
          },
          {
            "name": "Y7 Česnakinis padažas su čili paprikomis (aštrus)",
            "desc": "",
            "price": "€1.90"
          },
          {
            "name": "Y8 Lao gauma juodųjų sojų padažas",
            "desc": "",
            "price": "€1.90"
          }
        ]
      },
      {
        "category": "Gėrimai",
        "items": [
          {
            "name": "Perrier gazuotas 0,33 l",
            "desc": "",
            "price": "€2.00"
          },
          {
            "name": "Coca-Cola 0,25 l",
            "desc": "",
            "price": "€2.50"
          },
          {
            "name": "Sprite 0,25 l",
            "desc": "",
            "price": "€2.50"
          },
          {
            "name": "Fanta 0,25 l",
            "desc": "",
            "price": "€2.50"
          },
          {
            "name": "Nealkoholinis alus Kronenbourg Blanc 0,33 l",
            "desc": "",
            "price": "€2.50"
          },
          {
            "name": "Nealkoholinis alus Calsberg 0,33 l",
            "desc": "",
            "price": "€2.50"
          },
          {
            "name": "Nealkoholinis putojantis vynas Freixenet 0,2 l",
            "desc": "",
            "price": "€6.00"
          },
          {
            "name": "Žaliosios arbatos gėrimas su medumi Arizona 0,45 l",
            "desc": "",
            "price": "€3.00"
          },
          {
            "name": "Baltosios arbatos gėrimas su mėlynėmis ir kriaušėmis Arizona 0,45 l",
            "desc": "",
            "price": "€3.00"
          },
          {
            "name": "Gira 0,33 l",
            "desc": "",
            "price": "€2.00"
          },
          {
            "name": "Tonic Water 0,25 l",
            "desc": "",
            "price": "€2.00"
          },
          {
            "name": "Pomidorų sultys 1 l",
            "desc": "",
            "price": "€10.00"
          },
          {
            "name": "Multivitaminų sultys 1 l",
            "desc": "",
            "price": "€10.00"
          }
        ]
      }
    ]
  },
  {
    "address": "Šv. Ignoto g. 12-1",
    "location": [
      25.284702,
      54.6814877
    ],
    "name": "Vieta (Vegan)",
    "rating": {
      "rating": 4,
      "score": 9.6
    },
    "short_description": "Veganiškas restoranas",
    "id": "vieta-sv-ignoto-g",
    "tags": [
      "mėsainiai",
      "sveika",
      "veganiška"
    ],
    "distance": "0.7 km",
    "duration": 9,
    "menu": [
      {
        "category": "Vienkartiniai įrankiai",
        "items": [
          {
            "name": "Vienkartiniai įrankiai",
            "desc": "",
            "price": "€0.15"
          }
        ]
      },
      {
        "category": "Priedai",
        "items": [
          {
            "name": "Juoda duona",
            "desc": "",
            "price": "€0.50"
          },
          {
            "name": "Sriracha padažas",
            "desc": "",
            "price": "€0.50"
          },
          {
            "name": "Riešutinis padažas",
            "desc": "",
            "price": "€0.50"
          },
          {
            "name": "Kimchi",
            "desc": "Kopūstai, morkos, ridikėliai, čili, imbieras",
            "price": "€4.00"
          },
          {
            "name": "Humusas",
            "desc": "Avinžirniai, žemės riešutai, kalendra, petražolės",
            "price": "€4.00"
          },
          {
            "name": "Salotėlės",
            "desc": "Salotos, įvairios sėklos, pomidorai, agurkai, ridikėliai, cukinijos, paprikos, baziliko padažas",
            "price": "€3.50"
          },
          {
            "name": "Marinuoti raudonieji svogūnai",
            "desc": "Actas, druska, cukrus, raudonieji svogūnai",
            "price": "€0.50"
          },
          {
            "name": "Naminis pesto",
            "desc": "",
            "price": "€1.00"
          },
          {
            "name": "Karamelizuoti svogūnai",
            "desc": "",
            "price": "€1.00"
          }
        ]
      },
      {
        "category": "Desertai",
        "items": [
          {
            "name": "Tinginys",
            "desc": "Šokoladas, kakava, kokosų kremas, sausainiai",
            "price": "€3.00"
          },
          {
            "name": "Naminis snickers",
            "desc": "Datulės, riešutų sviestas, žemės riešutai",
            "price": "€4.50"
          },
          {
            "name": "Kokosiukas",
            "desc": "Kokosų drožlės, kondesuotas pienas, šokoladas, migdolų riešutas.",
            "price": "€2.00"
          },
          {
            "name": "Datulės šokolade",
            "desc": "šokoladas, pistacija, žemės riešutų kremas",
            "price": "€6.00\n(4 pcs, €1.50/pc)"
          }
        ]
      },
      {
        "category": "Gėrimai",
        "items": [
          {
            "name": "Nealkoholinis alus Franziskaner 0,5 l",
            "desc": "",
            "price": "€3.20"
          },
          {
            "name": "Bundaberg ginger beer 0,375 l",
            "desc": "",
            "price": "€3.50"
          },
          {
            "name": "Nealkoholinis sidras Stowford Press 0,3 l",
            "desc": "",
            "price": "€3.80"
          },
          {
            "name": "Re-Crafted Crafter's junibeer 0,275 l",
            "desc": "",
            "price": "€3.60"
          },
          {
            "name": "Kombučia 0,25 l",
            "desc": "",
            "price": "€3.20"
          },
          {
            "name": "Gazuotas mineralinis vanduo 0,33 l",
            "desc": "",
            "price": "€2.00"
          },
          {
            "name": "Negazuotas mineralinis vanduo 0,33 l",
            "desc": "",
            "price": "€2.00"
          },
          {
            "name": "Fentimans Cola 0,275 l",
            "desc": "",
            "price": "€2.80\nExcl. €0.10 deposit"
          },
          {
            "name": "Fentimans Elderflower 0,275 l",
            "desc": "",
            "price": "€2.80\nExcl. €0.10 deposit"
          }
        ]
      }
    ]
  },
  {
    "address": "T. Ševčenkos g. 9-2",
    "location": [
      25.27046914453075,
      54.67810465093885
    ],
    "name": "Goodfellas",
    "short_description": "Pagrindiniai žodžiai apie mus: original philly chesesteak sumuštiniai, kokybiški jautienos steikai ir kokybiški gėrimai",
    "id": "goodfellas-t-sevcenkos-g",
    "tags": [
      "amerikietiška",
      "sumuštiniai"
    ],
    "distance": "0.6 km",
    "duration": 9,
    "menu": [
      {
        "category": "Wolt Specials",
        "items": [
          {
            "name": "Philly cheesesteak combo",
            "desc": "Philly cheesesteak sumuštinis 15 cm, bulvytės ir pasirinktas gėrimas",
            "price": "€15.30\n19.30\nExcl. €0.10 deposit"
          }
        ]
      },
      {
        "category": "Sumuštiniai",
        "items": [
          {
            "name": "Philly cheesesteak",
            "desc": "Brandinta duona, brandinta jautiena, provolonės sūris, saldieji svogūnai (Grano), žalioji paprika",
            "price": "€12.30"
          },
          {
            "name": "El cubano",
            "desc": "Brandinta duona, keptas kiaulienos kumpis, provolonės sūris, garstyčios, rauginti agurkai",
            "price": "€17.30"
          },
          {
            "name": "Mr. Greek",
            "desc": "Brandinta duona, haloumi sūris, aioli, raudonasis svogūnas, pomidoras, salotos",
            "price": "€17.30"
          }
        ]
      },
      {
        "category": "Užkandžiai",
        "items": [
          {
            "name": "Bulvytės fri",
            "desc": "",
            "price": "€4.50"
          }
        ]
      },
      {
        "category": "Gėrimai",
        "items": [
          {
            "name": "Coca-Cola 250 ml",
            "desc": "",
            "price": "€3.50\n(250 ml, €14.00/l)"
          },
          {
            "name": "Coca-Cola Zero 250 ml",
            "desc": "",
            "price": "€3.50\n(250 ml, €14.00/l)"
          },
          {
            "name": "Sprite 250 ml",
            "desc": "",
            "price": "€3.50\n(250 ml, €14.00/l)"
          },
          {
            "name": "Fanta Orange 250 ml",
            "desc": "",
            "price": "€3.50\n(250 ml, €14.00/l)"
          }
        ]
      }
    ]
  },
  {
    "address": "Naugarduko g. 30a",
    "location": [
      25.2708675,
      54.6750087
    ],
    "name": "Kinų perlas (Naugarduko g.)",
    "rating": {
      "rating": 3,
      "score": 8.6
    },
    "short_description": "Kinų virtuvės paslaptys",
    "id": "kinu-perlas-naugarduko-g",
    "tags": [
      "kiniška",
      "azijietiška"
    ],
    "distance": "0.9 km",
    "duration": 13,
    "menu": [
      {
        "category": "Wolt Specials",
        "items": [
          {
            "name": "Vištiena kaip vyšnaitė",
            "desc": "Vištiena, žirniai, morkos, saldžiarūgštė",
            "price": "€5.23\n6.10"
          }
        ]
      },
      {
        "category": "Dienos pietūs",
        "items": [
          {
            "name": "Traški vištiena Guo Bao",
            "desc": "",
            "price": "€6.80"
          },
          {
            "name": "Traški vištiena saldžiarūgščiai aštriame padaže",
            "desc": "",
            "price": "€6.80"
          },
          {
            "name": "Vištiena su pievagrybiais",
            "desc": "",
            "price": "€6.80"
          },
          {
            "name": "Vištiena kaip vyšnaitė",
            "desc": "",
            "price": "€6.80"
          },
          {
            "name": "Vištiena su riešutais",
            "desc": "",
            "price": "€6.80"
          },
          {
            "name": "Traški saldžiarūgščiai aštri menkė",
            "desc": "",
            "price": "€6.80"
          },
          {
            "name": "Traški kiauliena saldžiarūgščiai",
            "desc": "",
            "price": "€6.80"
          },
          {
            "name": "Kalakutiena su brokoliais",
            "desc": "",
            "price": "€6.80"
          },
          {
            "name": "Aštri Ziran jautiena",
            "desc": "",
            "price": "€6.80"
          },
          {
            "name": "Jautiena Suang Dong",
            "desc": "",
            "price": "€6.80"
          },
          {
            "name": "Traški antis saldžiarūgščiame padaže",
            "desc": "",
            "price": "€6.80"
          },
          {
            "name": "Baklažanai saldžiarūgščiai",
            "desc": "",
            "price": "€6.80"
          },
          {
            "name": "Brokoliai česnakų padaže (vegan)",
            "desc": "",
            "price": "€6.80"
          },
          {
            "name": "Traškūs kalmarai saldžiarūgščiai",
            "desc": "",
            "price": "€6.80"
          },
          {
            "name": "Vištiena su ananasais",
            "desc": "",
            "price": "€6.50"
          },
          {
            "name": "Kalakutiena su pievagrybiais",
            "desc": "",
            "price": "€6.50"
          },
          {
            "name": "Aštri jautiena su svogūnais, daržovėmis, česnakiniame padaže",
            "desc": "",
            "price": "€6.50"
          },
          {
            "name": "Traški jautiena ,,GAN BIAN,,",
            "desc": "",
            "price": "€6.50"
          },
          {
            "name": "Troškinti baklažanai su kiauliena ir česnakais",
            "desc": "",
            "price": "€6.50"
          },
          {
            "name": "Vištiena su daržovėmis česnakiniame padaže",
            "desc": "",
            "price": "€6.50"
          },
          {
            "name": "Traški menkė ,,VYŠNAITĖ,,",
            "desc": "",
            "price": "€6.50"
          },
          {
            "name": "Menkė ,,GONGBAO,, su daržovėmis ir riešutais",
            "desc": "",
            "price": "€6.50"
          },
          {
            "name": "Kiauliena su pievagrybiais",
            "desc": "",
            "price": "€6.50"
          },
          {
            "name": "Aštri kiauliena",
            "desc": "",
            "price": "€6.50"
          }
        ]
      },
      {
        "category": "Vištienos patiekalai",
        "items": [
          {
            "name": "C1. Saldžiarūgštė Guobao vištiena",
            "desc": "",
            "price": "€7.50"
          },
          {
            "name": "C4. Vištiena kaip vyšnaitė",
            "desc": "Vištiena, žirniai, morkos, saldžiarūgštė",
            "price": "€7.20"
          },
          {
            "name": "C2. Keptos vištienos juostelės su daržovėmis",
            "desc": "Vištiena, fri bulvės, agurkai, morkos",
            "price": "€7.20"
          },
          {
            "name": "C3. Aitrioji Sičuan vištiena 🌶",
            "desc": "Vištiena, paprika, morkos, juodieji grybai, čili",
            "price": "€7.20"
          },
          {
            "name": "C5. Saldžiarūgštė vištiena su sezamais",
            "desc": "",
            "price": "€7.20"
          },
          {
            "name": "C6. Vištiena su ananasais",
            "desc": "Vištiena, ananasai, agurkai; saldžiarūgštė",
            "price": "€7.20"
          },
          {
            "name": "C7. Gongbao vištiena",
            "desc": "Vištiena, paprika, morkos, čili, žemės riešutai, aštri",
            "price": "€7.20"
          },
          {
            "name": "C8.Vištiena su krevetėmis",
            "desc": "Vištiena, paprika, morkos, krevetės",
            "price": "€7.40"
          },
          {
            "name": "C9. Vištiena su bambukais ir Xianggu grybais",
            "desc": "Vištiena, bambukai, Xianggu grybai",
            "price": "€7.20"
          },
          {
            "name": "C10. Vištiena kario padaže",
            "desc": "Vištiena, paprika, morkos",
            "price": "€7.20"
          },
          {
            "name": "C11. Traški vištiena su daržovėmis saldžiarūgščiai aštrame padaže",
            "desc": "Vištiena, cukinija, morkos, paprika",
            "price": "€7.20"
          },
          {
            "name": "C12. Vištiena su pievagrybiais",
            "desc": "Vištiena, pievagrybiai, cukinija, morkos, paprika, sojos padažas",
            "price": "€7.20"
          },
          {
            "name": "C13. Gan Bian Šparaginės pupelės su vištiena 🌶",
            "desc": "",
            "price": "€7.20"
          },
          {
            "name": "C14. Kepta vištiena česnakiname padaže",
            "desc": "Vištienos filė, česnakai",
            "price": "€6.50"
          },
          {
            "name": "C15. Vištienos gabaliukai persikų padaže",
            "desc": "Vištienos filė, marinuoti persikai",
            "price": "€6.50"
          }
        ]
      },
      {
        "category": "Kiaulienos patiekalai",
        "items": [
          {
            "name": "D1. Saldžiarūgštė Guobao kiauliena",
            "desc": "",
            "price": "€7.20"
          },
          {
            "name": "D2. Keptos kiaulienos juostelės su daržovėmis pomidorų padaže",
            "desc": "Kiauliena, cukinija, morkos, paprika",
            "price": "€7.20"
          },
          {
            "name": "D3. Aitrios kiaulienos juostelės su daržovėmis",
            "desc": "Kiauliena, bulvės, agurkai, morkos, čili",
            "price": "€6.50"
          },
          {
            "name": "D4. Traški kiauliena saldžiarūgščiame padaže",
            "desc": "",
            "price": "€7.20"
          },
          {
            "name": "D5. Kiauliena su sezamais",
            "desc": "Kiauliena, sezamo sėklos; saldžiarūgštė",
            "price": "€6.50"
          },
          {
            "name": "D6. Kiauliena su pievagrybiais",
            "desc": "Kiauliena, pievagrybiai, paprika, morkos",
            "price": "€7.20"
          },
          {
            "name": "D7. Aitrioji \"Sičuan\" kiauliena",
            "desc": "Kiauliena, paprika, morkos, juodieji grybai, čili, saldžiarūgščiai aštri",
            "price": "€7.10"
          },
          {
            "name": "D8. Kiauliena su bambukais ir Xianggu grybais",
            "desc": "Kiauliena, bambukai, cukinija, morkos, paprika, aštri",
            "price": "€7.20"
          },
          {
            "name": "D9. Kiauliena austrių padaže",
            "desc": "Kiauliena, austrių padažas, sojų daigai, morkos",
            "price": "€7.00"
          },
          {
            "name": "D11. Gongbao kiauliena",
            "desc": "Kiauliena, paprika, morkos, agurkai, čili, žemės riešutai",
            "price": "€7.10"
          },
          {
            "name": "D12. Kiauliena su ananasais",
            "desc": "Kiauliena, ananasai, morkos, agurkai; saldžiarūgštė",
            "price": "€6.60"
          },
          {
            "name": "D13. Šonkauliukai sojų padaže",
            "desc": "Šonkauliukai, paprika, morkos",
            "price": "€7.40"
          },
          {
            "name": "D14. Šonkauliukai saldžiarūgščiame padaže",
            "desc": "Šonkauliukai, agurkai, morkos",
            "price": "€7.10"
          },
          {
            "name": "D16. Gan Bian Aštri kiauliena su daržovėmis 🌶",
            "desc": "Kiauliena, svogūnai, morkos, salierai, paprika",
            "price": "€7.40"
          }
        ]
      },
      {
        "category": "Antienos patiekalai",
        "items": [
          {
            "name": "C17. Traški antiena su daržovėmis saldžiarūgščiai aštrame padaže",
            "desc": "Antiena, cukinija, morkos, paprika",
            "price": "€7.50"
          },
          {
            "name": "C18. Antiena su bambukais ir Xianggu grybais ir daržovėmis",
            "desc": "Antiena, bambukai, cukinija, morkos, paprika, Xianggu grybai",
            "price": "€7.20"
          },
          {
            "name": "C19. Antienos gabaliukai su šparaginėmis pupelėmis sojos padaže",
            "desc": "Antiena, cukinija, morkos, paprika, šparagines pupelės, sojos padažas",
            "price": "€7.10"
          }
        ]
      },
      {
        "category": "Jautienos patiekalai",
        "items": [
          {
            "name": "E1. Guobao jautiena (saldžiarūgštė)",
            "desc": "",
            "price": "€8.00"
          },
          {
            "name": "E2. Keptos jautienos juostelės su daržovėmis",
            "desc": "Jautiena, bulvės, agurkai, morkos",
            "price": "€7.20"
          },
          {
            "name": "E3. Aitrioji \"Sičuan\" jautiena",
            "desc": "Jautiena, paprika, morkos, juodieji grybai, čili, saldžiarūgščiai aštri",
            "price": "€7.20"
          },
          {
            "name": "E4. Jautiena su bambukais ir Xianggu grybais",
            "desc": "Jautiena, bambukai, Xianggu grybai, saldžiarūgščiai aštri",
            "price": "€7.90"
          },
          {
            "name": "E5. Aluje kepta jautiena",
            "desc": "Jautiena, alus, paprika, morkos, česnakų padažas",
            "price": "€8.00"
          },
          {
            "name": "E6. Jautiena austrių padaže",
            "desc": "Jautiena, austrių padažas, sojų daigai, morkos",
            "price": "€8.00"
          },
          {
            "name": "E7. Gongbao jautiena",
            "desc": "Jautiena, paprika, morkos, agurkai, čili, žemės riešutai, saldžiarūgščiai aštri",
            "price": "€7.70"
          },
          {
            "name": "E9. Kepti jautienos gabaliukai saldžiarūgščiai aštriame padaže",
            "desc": "Jautiena, cukinija, morkos, paprika",
            "price": "€7.70"
          },
          {
            "name": "E10. „GAN BIAN“ Jautiena su daržovėmis (aštri)",
            "desc": "Jautiena, svogūnai, morkos, salierai, paprika",
            "price": "€7.70"
          },
          {
            "name": "E11. „Ziran“ keptos jautienos juostelės su daržovėmis",
            "desc": "Jautiena, cukinija, morkos, paprika",
            "price": "€8.20"
          },
          {
            "name": "E12. Sausai kepti jautienos gabaliūkai su kmуnais",
            "desc": "Jautienos nugarinė, svogūnai, prieskoniai",
            "price": "€7.80"
          }
        ]
      },
      {
        "category": "Daržovių patiekalai",
        "items": [
          {
            "name": "F1. Baklažanai sojų padaže",
            "desc": "Baklažanai, paprika, morkos",
            "price": "€6.80"
          },
          {
            "name": "F2. Žuvies skonio baklažanai",
            "desc": "Baklažanai, morkos, juodieji grybai, čili, saldžiarūgščiai aštrus",
            "price": "€7.00"
          },
          {
            "name": "F3. Saldžiarūgštūs baklažanai",
            "desc": "Baklažanai, agurkai, morkos; saldžiarūgščiai",
            "price": "€6.80"
          },
          {
            "name": "F4. Traškus baklažanai su sezamais (saldžiarūgščiai)",
            "desc": "",
            "price": "€7.20"
          },
          {
            "name": "F5. Traškių daržovių miksas su saldžiarūgščiu padažu",
            "desc": "",
            "price": "€7.20"
          },
          {
            "name": "F6. Brokoliai su česnakais sojos padaže",
            "desc": "Brokoliai, česnakai",
            "price": "€6.80"
          }
        ]
      },
      {
        "category": "Žuvies ir jūrų gėrybių patiekalai",
        "items": [
          {
            "name": "G1. Mažos keptos krevetės (saldžiarūgštės)",
            "desc": "",
            "price": "€10.20"
          },
          {
            "name": "G5. Aštrūs kalmarai",
            "desc": "Kalmarai, paprika, morkos, čili",
            "price": "€7.80"
          },
          {
            "name": "G6. Kalmarai su bambukais ir Xianggu grybais",
            "desc": "Kalmarai, bambukai, Xianggu grybai, cukinija, morkos, paprika",
            "price": "€8.80"
          },
          {
            "name": "G9. Lašiša „Gongbao“ su daržovėmis ir žemės riešutais (aštri)",
            "desc": "Lašišos filė, cukinija, morkos, paprika, žemės riešutai",
            "price": "€8.30"
          },
          {
            "name": "G10. Traški saldžiarūgščiai aštri menkė",
            "desc": "Menkė, paprika, morkos, bambukai",
            "price": "€7.50"
          },
          {
            "name": "G11. Menkė moliuskų padaže",
            "desc": "Menkė, cukinija, morkos, paprika, moliuskų padažas",
            "price": "€7.50"
          },
          {
            "name": "G12. Karališkos krevetės su brokoliais",
            "desc": "",
            "price": "€9.80"
          },
          {
            "name": "G13. „GAN BIAN“ karališkos krevetės su daržovėmis aštriai",
            "desc": "Karališkos krevetės, cukinija, morkos, paprika, čili",
            "price": "€8.90"
          },
          {
            "name": "G14. Keptos jūros gėrybės su bambukais ir Chiangų grybais",
            "desc": "Jūros gėrybės, bambukai, cukinija, morkos, paprika, Chiangų grybai",
            "price": "€8.90"
          }
        ]
      },
      {
        "category": "Kiti patiekalai",
        "items": [
          {
            "name": "I1. Ryžiai",
            "desc": "",
            "price": "€2.20"
          },
          {
            "name": "I2. Kepti ryžiai su kiaušiniais",
            "desc": "",
            "price": "€3.20"
          },
          {
            "name": "I3. Ryžiai su daržovėmis",
            "desc": "Ryžiai, agurkai, morkos, žirniai, kukurūzai",
            "price": "€3.20"
          },
          {
            "name": "I4. Ryžiai su krevetėmis",
            "desc": "Ryžiai, agurkai, morkos, žirniai, kukurūzai, krevetės",
            "price": "€3.80"
          },
          {
            "name": "I5. Keptos bulvės šiaudeliais (Fri)",
            "desc": "",
            "price": "€3.90"
          },
          {
            "name": "I6. Virti kiniški makaronai su kiauliena sojos padaže",
            "desc": "",
            "price": "€8.20"
          },
          {
            "name": "I7. Virti saldžiarūgščiai kiniški makaronai su vištiena",
            "desc": "Makaronai, vištiena, cukinija, morkos, paprika",
            "price": "€8.20"
          }
        ]
      },
      {
        "category": "Salotos",
        "items": [
          {
            "name": "A1. Salotos “Paprikosa“",
            "desc": "Pekino kopūstai, salotų lapai, pomidorai, agurkai, sogūnai, juodieji grybai, putpelių kiaušiniai, alyvuogės, padažas",
            "price": "€5.20"
          },
          {
            "name": "A2. Salotos „Han tang“",
            "desc": "obuoliai, pekino kopūstai, morkos, agurkai, saldžiarūgštis padažas",
            "price": "€7.20"
          },
          {
            "name": "A3. Pekino salotos",
            "desc": "Agurkai, morkos, pekino kopūstai, mėsa; saldžiarūgščiai aštrios",
            "price": "€7.60"
          },
          {
            "name": "A4. Krevetės su baltais grybais",
            "desc": "Baltieji grybai, krevetės, morkos, agurkai",
            "price": "€8.20"
          },
          {
            "name": "A5. Jūros gėrybių salotos",
            "desc": "Jūros gėrybės, agurkai, morkos, salierai, sojos padažas",
            "price": "€7.60"
          },
          {
            "name": "A7. Baltųjų ir juodųjų grybų salotos",
            "desc": "Baltieji ir juodieji grybai, agurkai, morkos, saldžiarūgštes",
            "price": "€7.60"
          },
          {
            "name": "A8. Vištienos ir agurkų salotos su riešutų padažu",
            "desc": "Vištiena, agurkai, riesutai",
            "price": "€6.50"
          },
          {
            "name": "A9. Kalmarų salotos su salierais",
            "desc": "Kalmarai, salierai, morkos, sojos padažas",
            "price": "€7.60"
          }
        ]
      },
      {
        "category": "Sriubos",
        "items": [
          {
            "name": "B1. Baltųjų grybų sriuba",
            "desc": "Vištiena, baltieji grybai, agurkai; rūgšti ir aštri",
            "price": "€5.20"
          },
          {
            "name": "B2. Jūros gėrybių sriuba",
            "desc": "Jūros gėrybės, pekino kopūstai, Xianggu grybai; rūgšti ir aštri",
            "price": "€5.20"
          },
          {
            "name": "B3. Vištienos sriuba su pievagrybiais",
            "desc": "",
            "price": "€3.50"
          },
          {
            "name": "B4. Kiaušinių sriuba",
            "desc": "Kiaušiniai, pomidorai, agurkai; saldžiarūgštė",
            "price": "€3.20"
          },
          {
            "name": "B5. Jautienos sriuba",
            "desc": "Jautiena, pomidorai, agurkai; saldžiarūgštė",
            "price": "€4.80"
          },
          {
            "name": "B6. Jautienos sriuba su salierais",
            "desc": "",
            "price": "€4.80"
          }
        ]
      },
      {
        "category": "Saldieji patiekalai",
        "items": [
          {
            "name": "H2. Obuoliai karamelėje",
            "desc": "",
            "price": "€5.80"
          }
        ]
      }
    ]
  },
  {
    "address": "J. Basanavičiaus g. 1",
    "location": [
      25.277548134326935,
      54.68000568785981
    ],
    "name": "City Chef",
    "rating": {
      "rating": 4,
      "score": 9.2
    },
    "short_description": "Tikras BBQ skonis išgautas naudojant ąžuolą",
    "id": "city-chef",
    "tags": [
      "amerikietiška",
      "BBQ",
      "mėsainiai"
    ],
    "distance": "0.2 km",
    "duration": 2,
    "menu": [
      {
        "category": "Sriuba",
        "items": [
          {
            "name": "BBQ mėsų sriuba",
            "desc": "BBQ meats soup Šildanti, soti mūsų rūkytų mėsų sriuba su daržovėmis, švelniai aštri. Tex-mex pupelės, svogūnai, salierų stiebai, morkos, jautienos sultinys, BBQ mėsos gabaliukai (jautienos krūtininė, kiaulienos sprandinė, chorizo), chipotle",
            "price": "€5.80"
          }
        ]
      },
      {
        "category": "Mėsų padėklas dviems",
        "items": [
          {
            "name": "Amerikietiškas mėsų padėklas dviems",
            "desc": "American meat platter for two BBQ kiaulienos šonkauliai, chorizo dešrelės, vištienos ketvirtis , fritkės, svogūnų žiedai, amerikietiškomis salotomis, marinuotais saldžiaisias svogūnais, jalapenais ir agurkėliais, naminiai padažai. BBQ pork ribs, chorizo sausages, chicken quarter, fries, onion rings, coleslaw with coriander, pickled red onion, jalapeno & cucumber, homemade sauces",
            "price": "€32.70"
          }
        ]
      },
      {
        "category": "Mėsų lėkštės",
        "items": [
          {
            "name": "Chorizo dešrelių lėkštė 🌶️",
            "desc": "Chorizo Plate Patiekiama su amerikietiškomis salotomis, marinuotais saldžiaisias svogūnais ir agurkėliais, bbq šokolado padažu. ir agurkėliais, čipotle padažu. Served with coleslaw, pickled sweet onion & cucumber, chipotle sauce",
            "price": "€11.40"
          },
          {
            "name": "BBQ Plėšytos kiaulienos lėkštė",
            "desc": "BBQ Pulled pork plate Patiekiama su amerikietiškomis salotomis, marinuotais saldžiaisias svogūnais ir agurkėliais, bbq šokolado padažu. Served with coleslaw & coriander, pickled red onion & cucumber, bbq chocolate sauce",
            "price": "€13.40"
          },
          {
            "name": "BBQ vištienos lėkštė (ketvirtis)",
            "desc": "BBQ chicken plate Patiekiama su amerikietiškomis salotomis, marinuotais saldžiaisias svogūnais ir agurkėliais, BBQ padažu. Quarter of the chicken served with coleslaw, pickled sweet onion & cucumber, BBQ sauce",
            "price": "€12.40"
          },
          {
            "name": "BBQ kiaulienos šonkaulių lėkštė",
            "desc": "BBQ Pork ribs plate Patiekiama su amerikietiškomis salotomis, marinuotais saldžiaisias svogūnais ir agurkėliais, bbq šokolado padažu. Served with coleslaw, pickled sweet onion & cucumber, bbq chocolate sauce",
            "price": "€17.40"
          },
          {
            "name": "BBQ plėšyta jautienos sprandinė",
            "desc": "BBQ Pulled beef plate Patiekiama su amerikietiškomis salotomis, marinuotais saldžiaisias svogūnais ir agurkėliais, bbq šokolado padažu. Served with coleslaw, pickled sweet onion & cucumber, bbq chocolate sauce",
            "price": "€17.40"
          },
          {
            "name": "Vaikiška lekštė",
            "desc": "2 traškios, paniruotos vištienos gabaliukai, keptos bulvytės, kečupas",
            "price": "€7.30"
          }
        ]
      },
      {
        "category": "Mėsainiai",
        "items": [
          {
            "name": "BBQ Plėšytos kiaulienos mėsainis",
            "desc": "BBQ Pulled pork burger Brioche bandelė, BBQ šokoladinis padažas, amerikietiškos salotos, marinuoti saldieji svogūnai ir agurkėliai + fritkės su rūkytų paprikų mayo. Brioche, BBQ chocolate sauce, coleslaw with coriander, pickled red onion & cucumber + fries with smoked paprika mayo",
            "price": "€13.40"
          },
          {
            "name": "Burgerfest special burger 🌶️",
            "desc": "Chorizo, cheddar & brisket burger Chorizo ir brandintos jautienos maltinukas įdarytas čederio sūriu, plėšyta jautienos krūtininė, brioche bandelė, čipotle majonezas, pomidorai, salotos, marinuoti raudonieji svogūnai ir agurkėliai + fritkės su rukytų paprikų mayo. Brioche, chipotle mayo, tomatoes, lettuce, pickled red onion & cucumber + fries with smoked paprika mayo",
            "price": "€15.40"
          },
          {
            "name": "Vegetariškas burgeris",
            "desc": "Brioche, čipotlės majonezas, kepti svogūnų žiedai, čederis, pomidoras, salotos, marinuoti saldieji svogūnai, marinuoti agurkėliai + fritkės su rūkytų paprikų mayo",
            "price": "€11.40"
          }
        ]
      },
      {
        "category": "Garnyrai",
        "items": [
          {
            "name": "Fritkės",
            "desc": "Fries Su rūkytų paprikų majonezu. With smoked paprika mayo",
            "price": "€3.50"
          },
          {
            "name": "Svogūnų žiedai",
            "desc": "Onion rings Su rūkytų paprikų majonezu. With smoked paprika mayo",
            "price": "€3.50"
          },
          {
            "name": "Amerikietiškos salotos su kalendra",
            "desc": "Coleslaw with coriander",
            "price": "€3.50"
          },
          {
            "name": "Šefo salotos",
            "desc": "Chef's salad Šviežių ir marinuotų daržovių salotos - rukola, icberg salota, rauginti agurkėliai, marinuoti raudonieji svogūnai, pomidorai, alyvuogių aliejus, kalendra. Fresh and pickled vegetable salad - rucola, icberg, pickled cucumbers, pickled red onions, tomatoes, olive oil, coriander",
            "price": "€3.50"
          }
        ]
      },
      {
        "category": "Gėrimai",
        "items": [
          {
            "name": "Coca-Cola 0,25 l",
            "desc": "",
            "price": "€3.00"
          },
          {
            "name": "Coca-Cola Zero 0,25 l",
            "desc": "",
            "price": "€3.00"
          },
          {
            "name": "Fanta 0,25 l",
            "desc": "",
            "price": "€3.00"
          },
          {
            "name": "Sprite 0,25 l",
            "desc": "",
            "price": "€3.00"
          },
          {
            "name": "Volfas Engelman gira 0,4 l",
            "desc": "",
            "price": "€4.00"
          },
          {
            "name": "Fritz-limo apple, cherry and elderberry",
            "desc": "",
            "price": "€3.50"
          },
          {
            "name": "Fritz-limo apelsinų limonadas",
            "desc": "",
            "price": "€3.00"
          },
          {
            "name": "Fritz-limo melionų limonadas (honeydew soda)",
            "desc": "",
            "price": "€4.00"
          },
          {
            "name": "Haage sparkling water 0,33 l",
            "desc": "",
            "price": "€2.50"
          }
        ]
      }
    ]
  },
  {
    "address": "Švitrigailos g. 4",
    "location": [
      25.266475677235572,
      54.68041908174703
    ],
    "name": "Fokus Pizza (Švitrigailos g.)",
    "rating": {
      "rating": 3,
      "score": 8.8
    },
    "short_description": "Amerikietiškų ir itališkų picų restoranas  || Šis restoranas priklauso ir jį valdo UAB \"Džigora\", kuris yra atsakinga už parduodamas prekes. Visą informaciją apie parduodamus produktus pateikia pardavėjas\n",
    "id": "fokus-pizza-svitrigailos",
    "tags": [
      "pica",
      "mėsainiai",
      "itališka"
    ],
    "distance": "0.8 km",
    "duration": 12,
    "menu": [
      {
        "category": "Itališkos picos 32 cm",
        "items": [
          {
            "name": "Margarita",
            "desc": "Trinti pomidorai, mocarelos sūris",
            "price": "€10.50"
          },
          {
            "name": "Vaikiška",
            "desc": "Trinti pomidorai, mocarela sūris, kumpis",
            "price": "€10.50"
          },
          {
            "name": "Saliamio",
            "desc": "Trinti pomidorai, mocarelos sūris, svogūnai, saliamis",
            "price": "€10.50"
          },
          {
            "name": "Ferrari",
            "desc": "Trinti pomidorai, mocarelos sūris, kumpis, ananasai",
            "price": "€10.50"
          },
          {
            "name": "Silvanos",
            "desc": "Trinti pomidorai, mocarelos sūris, kumpis, pievagrybiai",
            "price": "€10.50"
          },
          {
            "name": "Studentų",
            "desc": "Trinti pomidorai, mocarelos sūris, kumpis, konservuoti agurkai, svogūnai",
            "price": "€10.50"
          },
          {
            "name": "Peperoni",
            "desc": "Trinti pomidorai, mocarelos sūris, svogūnai, pipirinė dešra",
            "price": "€10.50"
          },
          {
            "name": "Ugninė",
            "desc": "Trinti pomidorai, mocarelos sūris, rūkyta jautiena, rūkyta šoninė, konservuoti ankštpipiriai, konservuoti svogūnai, aitriosios paprikos, jalapenai",
            "price": "€10.50"
          },
          {
            "name": "Romėnų",
            "desc": "Trinti pomidorai, mocarelos sūris, pievagrybiai, rūkyta šoninė",
            "price": "€10.50"
          },
          {
            "name": "Itališka",
            "desc": "Trinti pomidorai, mocarelos sūris, malta mėsa, pomidorai, svogūnai",
            "price": "€10.50"
          },
          {
            "name": "Sicilietiška",
            "desc": "Trinti pomidorai, mocarelos sūris, vištiena, pomidorai, aitriosios paprikos, majonezas, svogūnai",
            "price": "€10.50"
          },
          {
            "name": "Kepsninė",
            "desc": "Trinti pomidorai, mocarelos sūris, vištiena, pievagrybiai, pomidorai",
            "price": "€10.50"
          },
          {
            "name": "Specialioji",
            "desc": "Trinti pomidorai, mocarelos sūris, kumpis, rūkyta dešra, alyvuogės, pievagrybiai, svogūnai, paprikos",
            "price": "€11.00"
          },
          {
            "name": "VEGaniška",
            "desc": "Trinti pomidorai, veganiškas mocarelos sūris, paprika, pievagrybiai, alyvuogės, svogūnai",
            "price": "€14.00"
          },
          {
            "name": "Amerikietiška",
            "desc": "Trinti pomidorai, mocarelos sūris, malta jautiena, konservuoti agurkai, garstyčių - pomidorų padažas, svogūnai",
            "price": "€10.50"
          },
          {
            "name": "Ypatingoji",
            "desc": "Trinti pomidorai, mocarelos sūris, pievagrybiai, vištiena, konservuoti agurkai, garstyčių padažas",
            "price": "€10.50"
          },
          {
            "name": "Rytietiška",
            "desc": "Trinti pomidorai, mocarelos sūris, malta jautiena, šoninė, jalapenai, svogūnai, aitrus padažas",
            "price": "€10.50"
          },
          {
            "name": "Su krevetėmis",
            "desc": "Trinti pomidorai, mocarelos sūris, krevetės, vytinti pomidorai, alyvuogės, kietasis sūris, špinatai, gražgarstės",
            "price": "€16.00"
          },
          {
            "name": "Parmos",
            "desc": "Trinti pomidorai, mocarelos sūris, vytintas kumpis, saliamis, pievagrybiai",
            "price": "€12.00"
          },
          {
            "name": "Baravykų",
            "desc": "Trumų padažas, mocarelos sūris, baravykai, mėlynieji svogūnai",
            "price": "€14.00"
          },
          {
            "name": "Draugų",
            "desc": "Trinti pomidorai, mocarelos sūris, kumpis, pievagrybiai, paprika",
            "price": "€10.50"
          },
          {
            "name": "Vegetariška",
            "desc": "Trinti pomidorai, mocarelos sūris, paprika, pievagrybiai, alyvuogės, svogūnai",
            "price": "€10.50"
          },
          {
            "name": "Su tunu",
            "desc": "Trinti pomidorai, mocarelos sūris, tunas, alyvuogės, pomidorai, svogūnai",
            "price": "€10.50"
          },
          {
            "name": "Akapulkos",
            "desc": "Trinti pomidorai, mocarelos sūris, jautienos filė, pievagrybiai, jalapenai, aštrus padažas, svogūnai",
            "price": "€10.50"
          },
          {
            "name": "Mėgėjų",
            "desc": "Trinti pomidorai, mocarelos sūris, šoninė, pomidorai, svogūnai",
            "price": "€10.50"
          },
          {
            "name": "Egzotiška",
            "desc": "Trinti pomidorai, mocarelos sūris, vištiena, ananasai, saldžiarūgštis padažas",
            "price": "€10.50"
          },
          {
            "name": "Lašišos",
            "desc": "Trinti pomidorai, mocarelos sūris, sūdyta lašiša, saulėje džiovinti pomidorai, alyvuogės, kietasis sūris, špinatai, gražgarstės",
            "price": "€15.00"
          },
          {
            "name": "Pikaso",
            "desc": "Trinti pomidorai, mocarelos sūris, šoninė, jautiena, pievagrybiai, alyvuogės",
            "price": "€11.00"
          },
          {
            "name": "Bombėjaus",
            "desc": "Trinti pomidorai, mocarelos sūris, vištiena, ananasai",
            "price": "€10.50"
          },
          {
            "name": "Dviguba su kumpiu",
            "desc": "Trinti pomidorai, mocarelos sūris, kumpis, saliamis, pievagrybiai, konservuoti agurkai, svogūnai",
            "price": "€14.00"
          },
          {
            "name": "Dviguba su vištiena",
            "desc": "Trinti pomidorai, mocarelos sūris, vištiena, pievagrybiai, pomidorai, svogūnai",
            "price": "€14.00"
          },
          {
            "name": "Meksikietiška",
            "desc": "Trinti pomidorai, mocarelos sūris, malta jautiena, jalapenai, svogūnai, salsa padažas",
            "price": "€10.50"
          },
          {
            "name": "Medžiotojų",
            "desc": "Trinti pomidorai, mocarelos sūris, malta jautiena, šoninė, pievagrybiai, Bearnaise padažas",
            "price": "€11.50"
          },
          {
            "name": "Vytintų pomidorų su Parmos kumpiu",
            "desc": "Trinti pomidorai, mocarelos sūris, vytintas kumpis, vytinti pomidorai, gražgarstės",
            "price": "€12.50"
          },
          {
            "name": "BBQ su vištiena",
            "desc": "Trinti pomidorai, mocarelos sūris, šoninė, vištiena, BBQ padažas",
            "price": "€10.50"
          },
          {
            "name": "BBQ su jautiena",
            "desc": "Trinti pomidorai, mocarelos sūris, jautienos kumpis, mėlynieji svogūnai, ankštpipiriai, BBQ padažas",
            "price": "€10.50"
          },
          {
            "name": "BIANKA su šonine ir baravykais",
            "desc": "Mocarelos sūris, alyvuogių aliejus, rūkyta šoninė, kepti baravykai, svogūnai",
            "price": "€15.00"
          },
          {
            "name": "Su vytintu kumpiu",
            "desc": "Trinti pomidorai, mocarelos sūris, juodosios alyvuogės, salotų mišinys, vytintas kumpis, kietasis sūris, žalumynų padažas",
            "price": "€15.00"
          },
          {
            "name": "Bianka su lašiša ir krevetėmis",
            "desc": "Mocarelos sūris, alyvuogių aliejus, salotų mišinys, žalumynų padažas, kietasis sūris, lašiša, krevetės",
            "price": "€15.00"
          },
          {
            "name": "3-jų mėsų",
            "desc": "Trinti pomidorai, mocarelos sūris, saliamis, kumpis, šoninė, kepta paprika",
            "price": "€15.00"
          },
          {
            "name": "Perlenkta su kumpiu ir pievagrybiais",
            "desc": "Trinti pomidorai, mocarelos sūris, kumpis, pievagrybiai",
            "price": "€11.50"
          },
          {
            "name": "Plėšytos mėsos",
            "desc": "Trinti pomidorai, mocarelos sūris, plėšyta jautiena, mėlynieji svogūnai",
            "price": "€11.50"
          }
        ]
      },
      {
        "category": "Itališkos picos 42 cm",
        "items": [
          {
            "name": "Margarita 42 cm",
            "desc": "Trinti pomidorai, mocarelos sūris",
            "price": "€14.90"
          },
          {
            "name": "Vaikiška 42 cm",
            "desc": "Trinti pomidorai, mocarelos sūris, kumpis",
            "price": "€14.90"
          },
          {
            "name": "Saliamio 42 cm",
            "desc": "Trinti pomidorai, mocarelos sūris, svogūnai, saliamis",
            "price": "€14.90"
          },
          {
            "name": "Ferrari 42 cm",
            "desc": "Trinti pomidorai, mocarelos sūris, kumpis, ananasai",
            "price": "€14.90"
          },
          {
            "name": "Silvanos 42 cm",
            "desc": "Trinti pomidorai, mocarelos sūris, kumpis, pievagrybiai",
            "price": "€14.90"
          },
          {
            "name": "Studentų 42 cm",
            "desc": "Trinti pomidorai, mocarelos sūris, kumpis, konservuoti agurkai, svogūnai",
            "price": "€14.90"
          },
          {
            "name": "Peperoni 42 cm",
            "desc": "Trinti pomidorai, mocarelos sūris, svogūnai, pipirinė dešra",
            "price": "€14.90"
          },
          {
            "name": "Ugninė 42 cm",
            "desc": "Trinti pomidorai, mocarelos sūris, rūkyta jautiena, rūkyta šoninė, konservuoti ankštpipiriai, konservuoti svogūnai, aitriosios paprikos, jalapenai",
            "price": "€14.90"
          },
          {
            "name": "Romėnų 42 cm",
            "desc": "Trinti pomidorai, mocarelos sūris, pievagrybiai, rūkyta šoninė",
            "price": "€14.90"
          },
          {
            "name": "Itališka 42 cm",
            "desc": "Trinti pomidorai, mocarelos sūris, malta mėsa, pomidorai, svogūnai",
            "price": "€14.90"
          },
          {
            "name": "Sicilietiška 42 cm",
            "desc": "Trinti pomidorai, mocarelos sūris, vištiena, pomidorai, aitriosios paprikos, majonezas, svogūnai",
            "price": "€14.90"
          },
          {
            "name": "Kepsninė 42 cm",
            "desc": "Trinti pomidorai, mocarelos sūris, vištiena, pievagrybiai, pomidorai",
            "price": "€14.90"
          },
          {
            "name": "Specialioji 42 cm",
            "desc": "Trinti pomidorai, mocarelos sūris, kumpis, rūkyta dešra, alyvuogės, pievagrybiai, svogūnai, paprikos",
            "price": "€16.50"
          },
          {
            "name": "Veganiška 42 cm",
            "desc": "Trinti pomidorai, veganiškas mocarelos sūris, paprika, pievagrybiai, alyvuogės, svogūnai",
            "price": "€18.50"
          },
          {
            "name": "Amerikietiška 42 cm",
            "desc": "Trinti pomidorai, mocarelos sūris, malta jautiena, konservuoti agurkai, garstyčių - pomidorų padažas, svogūnai",
            "price": "€14.90"
          },
          {
            "name": "Ypatingoji 42 cm",
            "desc": "Trinti pomidorai, mocarelos sūris, pievagrybiai, vištiena, konservuoti agurkai, garstyčių padažas",
            "price": "€14.90"
          },
          {
            "name": "Rytietiška 42 cm",
            "desc": "Trinti pomidorai, mocarelos sūris, malta jautiena, šoninė, jalapenai, svogūnai, aitrus padažas",
            "price": "€14.90"
          },
          {
            "name": "Su krevetėmis 42 cm",
            "desc": "Trinti pomidorai, mocarelos sūris, krevetės, vytinti pomidorai, alyvuogės, kietasis sūris, špinatai, gražgarstės",
            "price": "€21.50"
          },
          {
            "name": "Parmos 42 cm",
            "desc": "Trinti pomidorai, mocarelos sūris, vytintas kumpis, saliamis, pievagrybiai",
            "price": "€17.50"
          },
          {
            "name": "Baravykų 42 cm",
            "desc": "Trumų padažas, mocarelos sūris, baravykai, mėlynieji svogūnai",
            "price": "€19.50"
          },
          {
            "name": "Draugų 42 cm",
            "desc": "Trinti pomidorai, mocarelos sūris, kumpis, pievagrybiai, paprika",
            "price": "€14.90"
          },
          {
            "name": "Vegetariška 42 cm",
            "desc": "Trinti pomidorai, mocarelos sūris, paprika, pievagrybiai, alyvuogės, svogūnai",
            "price": "€14.90"
          },
          {
            "name": "Su tunu 42 cm",
            "desc": "Trinti pomidorai, mocarelos sūris, tunas, alyvuogės, pomidorai, svogūnai",
            "price": "€14.90"
          },
          {
            "name": "Akapulkos 42 cm",
            "desc": "Trinti pomidorai, mocarelos sūris, jautienos filė, pievagrybiai, jalapenai, aštrus padažas, svogūnai",
            "price": "€14.90"
          },
          {
            "name": "Mėgėjų 42 cm",
            "desc": "Trinti pomidorai, mocarelos sūris, šoninė, pomidorai, svogūnai",
            "price": "€14.90"
          },
          {
            "name": "Egzotiška 42 cm",
            "desc": "Trinti pomidorai, mocarelos sūris, vištiena, ananasai, saldžiarūgštis padažas",
            "price": "€14.90"
          },
          {
            "name": "Lašišos 42 cm",
            "desc": "Trinti pomidorai, mocarelos sūris, sūdyta lašiša, saulėje džiovinti pomidorai, alyvuogės, kietasis sūris, špinatai, gražgarstės",
            "price": "€20.50"
          },
          {
            "name": "Pikaso 42 cm",
            "desc": "Trinti pomidorai, mocarelos sūris, šoninė, jautiena, pievagrybiai, alyvuogės",
            "price": "€16.50"
          },
          {
            "name": "Bombėjaus 42 cm",
            "desc": "Trinti pomidorai, mocarelos sūris, vištiena, ananasai",
            "price": "€14.90"
          },
          {
            "name": "Dviguba su kumpiu 42 cm",
            "desc": "Trinti pomidorai, mocarelos sūris, kumpis, saliamis, pievagrybiai, konservuoti agurkai, svogūnai",
            "price": "€19.50"
          },
          {
            "name": "Dviguba su vištiena 42 cm",
            "desc": "Trinti pomidorai, mocarelos sūris, vištiena, pievagrybiai, pomidorai, svogūnai",
            "price": "€19.50"
          },
          {
            "name": "Meksikietiška 42 cm",
            "desc": "Trinti pomidorai, mocarelos sūris, malta jautiena, jalapenai, svogūnai, salsa padažas",
            "price": "€14.90"
          },
          {
            "name": "Medžiotojų 42 cm",
            "desc": "Trinti pomidorai, mocarelos sūris, malta jautiena, šoninė, pievagrybiai, ‘‘Bearnaise‘‘ padažas",
            "price": "€16.50"
          },
          {
            "name": "Vytintų pomidorų su Parmos kumpiu 42 cm",
            "desc": "Trinti pomidorai, mocarelos sūris, vytintas kumpis, vytinti pomidorai, gražgarstės",
            "price": "€17.50"
          },
          {
            "name": "BBQ su vištiena 42 cm",
            "desc": "Trinti pomidorai, mocarelos sūris, šoninė, vištiena, BBQ padažas",
            "price": "€14.90"
          },
          {
            "name": "BBQ su jautiena 42 cm",
            "desc": "Trinti pomidorai, mocarelos sūris, jautienos kumpis, mėlynieji svogūnai, ankštpipiriai, BBQ padažas",
            "price": "€14.90"
          },
          {
            "name": "BIANKA su šonine ir baravykais 42 cm",
            "desc": "Mocarelos sūris, alyvuogių aliejus, rūkyta šoninė, kepti baravykai, svogūnai",
            "price": "€20.50"
          },
          {
            "name": "Su vytintu kumpiu 42 cm",
            "desc": "Trinti pomidorai, mocarelos sūris, juodosios alyvuogės, salotų mišinys, vytintas kumpis, kietasis sūris, žalumynų padažas",
            "price": "€20.50"
          },
          {
            "name": "Bianka su lašiša ir krevetėmis 42 cm",
            "desc": "Mocarelos sūris, alyvuogių aliejus, salotų mišinys, žalumynų padažas, kietasis sūris, lašiša, krevetės",
            "price": "€20.50"
          },
          {
            "name": "3-jų mėsų 42 cm",
            "desc": "Trinti pomidorai, mocarelos sūris, saliamis, kumpis, šoninė, kepta paprika",
            "price": "€20.50"
          },
          {
            "name": "Plėšytos mėsos 42 cm",
            "desc": "Trinti pomidorai, mocarelos sūris, plėšyta jautiena, mėlynieji svogūnai",
            "price": "€16.50"
          }
        ]
      },
      {
        "category": "Amerikietiškos storapadės picos 30 cm",
        "items": [
          {
            "name": "Kaimiška",
            "desc": "Padažas, sūris, kumpis, svogūnai",
            "price": "€14.90"
          },
          {
            "name": "Vegetariška",
            "desc": "Padažas, sūris, pomidorai, agurkai, svogūnai",
            "price": "€14.90"
          },
          {
            "name": "Su grybais",
            "desc": "Padažas, sūris, saliamis, pievagrybiai, svogūnai",
            "price": "€14.90"
          },
          {
            "name": "Hamburgo",
            "desc": "Padažas, sūris, malta mėsa, konservuoti agurkai, garstyčių-kečupo padažas, svogūnai",
            "price": "€14.90"
          },
          {
            "name": "Pikantiška",
            "desc": "Padažas, sūris, kumpis, saliamis, pievagrybiai, alyvuogės, svogūnai",
            "price": "€14.90"
          },
          {
            "name": "Su vištiena",
            "desc": "Padažas, sūris, vištiena, šoninė, pomidorai",
            "price": "€14.90"
          },
          {
            "name": "Su pipirais",
            "desc": "Padažas, sūris, malta mėsa, šoninė, jelapenai",
            "price": "€14.90"
          },
          {
            "name": "Asorti",
            "desc": "Padažas, sūris, saliamis, kumpis, pomidorai, paprika, pievagrybiai, svogūnai",
            "price": "€18.00"
          },
          {
            "name": "New York",
            "desc": "Padažas, sūris, plėšyta jautiena, pomidorai, konservuoti agurkai, svogūnai",
            "price": "€18.00"
          },
          {
            "name": "Bulio",
            "desc": "Padažas, sūris, jautienos filė, malta jautiena, pomidorai, mėlynieji svogūnai, salsa padažas",
            "price": "€18.00"
          }
        ]
      },
      {
        "category": "Karštieji patiekalai ir užkandžiai",
        "items": [
          {
            "name": "Sumuštinukų rinkinys su lašiša ir silke",
            "desc": "Dviejų rūšių sumuštiniai (su lašiša, su silke), alyvuogės, marinuoti svogūnėliai, konservuoti agurkai",
            "price": "€30.00"
          },
          {
            "name": "Sparnelių ir keptos duonos užkandžių rinkinys",
            "desc": "Užkandžių rinkinį sudaro: vištienos sparneliai, kepta duona, alyvuogės, konservuoti svogūnėliai, vynuoginiai pomidoriukai, BBQ padažas, sūrio padažas",
            "price": "€29.00"
          },
          {
            "name": "Lašinių užkandėlė",
            "desc": "Užkandžių rinkinį sudaro: sūdyti lašiniai (iš ūkininkų), krienų padažas, mėlynieji svogūnai, konservuoti agurkai, konservuoti svogūnėliai, duona, alyvuogės, vynuoginiai pomidoriukai",
            "price": "€16.00"
          },
          {
            "name": "BBQ sparneliai su bulvytėmis",
            "desc": "",
            "price": "€8.50"
          },
          {
            "name": "BBQ šonkauliukai",
            "desc": "BBQ kiaulienos šonkauliukai, patiekiami su garnyru ir daržovėmis",
            "price": "€14.90"
          },
          {
            "name": "Vištienos kepsnys",
            "desc": "Vištienos kepsnys, patiekiamas su apkeptomis bulvėmis ir daržovėmis",
            "price": "€10.90"
          },
          {
            "name": "Kiaulienos kepsnys",
            "desc": "Kiaulienos sprandinės kepsnys, patiekiamas su apkepintomis bulvėmis, šviežiomis daržovėmis ir padažu",
            "price": "€11.50"
          },
          {
            "name": "Lašišos kepsnys",
            "desc": "Lašišos filė kepsnys, patiekiamas su virtais ryžiais ir šviežiomis salotomis",
            "price": "€15.50"
          },
          {
            "name": "Kepta duona su česnaku",
            "desc": "",
            "price": "€4.50"
          },
          {
            "name": "Kepta duona su sūriu",
            "desc": "",
            "price": "€5.50"
          },
          {
            "name": "Skrudintos bulvytės Fri",
            "desc": "",
            "price": "€4.50"
          },
          {
            "name": "Vištienos šašlykas",
            "desc": "Malkiniame grilyje keptas vištienos šašlykas su garnyru ir daržovėmis",
            "price": "€11.80"
          },
          {
            "name": "Kiaulienos šašlykas",
            "desc": "Malkiniame grilyje keptas kiaulienos šašlykas su garnyru ir daržovėmis",
            "price": "€11.80"
          },
          {
            "name": "Kiaulienos šoninė",
            "desc": "Malkiniame grilyje kepta kiaulienos šoninė",
            "price": "€10.50"
          },
          {
            "name": "Naminiai cepelinai su mėsa",
            "desc": "Cepelinai su mėsa, patiekiami su grietinės ir spirgučių padažu",
            "price": "€8.90"
          },
          {
            "name": "Kepti naminiai cepelinai su mėsa",
            "desc": "Kepti cepelinai su mėsa, patiekiami su grietinės ir spirgučių padažu",
            "price": "€8.90"
          },
          {
            "name": "Naminiai cepelinai su varške",
            "desc": "Cepelinai su varške, patiekiami su grietinės ir sviesto padažu",
            "price": "€8.90"
          }
        ]
      },
      {
        "category": "Šaltos picos",
        "items": [
          {
            "name": "Kaimiška šalta pica",
            "desc": "Padažas, sūris, kumpis, svogūnai",
            "price": "€14.90"
          },
          {
            "name": "Vegetariška šalta pica",
            "desc": "Padažas, sūris, pomidorai, agurkai, svogūnai",
            "price": "€14.90"
          },
          {
            "name": "Šalta pica su grybais",
            "desc": "Padažas, sūris, saliamis, pievagrybiai, svogūnai",
            "price": "€14.90"
          },
          {
            "name": "Hamburgo šalta pica",
            "desc": "Padažas, sūris, malta mėsa, konservuoti agurkai, garstyčių-kečupo padažas, svogūnai",
            "price": "€14.90"
          },
          {
            "name": "Pikantiška šalta pica",
            "desc": "Padažas, sūris, kumpis, saliamis, pievagrybiai, alyvuogės, svogūnai",
            "price": "€14.90"
          },
          {
            "name": "Šalta pica su vištiena",
            "desc": "Padažas, sūris, vištiena, šoninė, pomidorai",
            "price": "€14.90"
          },
          {
            "name": "Asorti šalta pica",
            "desc": "Padažas, sūris, saliamis, kumpis, pomidorai, paprika, pievagrybiai, svogūnai",
            "price": "€18.00"
          },
          {
            "name": "New York šalta pica",
            "desc": "Padažas, sūris, plėšyta jautiena, pomidorai, konservuoti agurkai, svogūnai",
            "price": "€18.00"
          },
          {
            "name": "Bulio šalta pica",
            "desc": "Padažas, sūris, jautienos filė, malta jautiena, pomidorai, mėlynieji svogūnai, salsa padažas",
            "price": "€18.00"
          },
          {
            "name": "Aitrioji šalta pica",
            "desc": "Padažas, sūris, saliamis, šoninė, jalapenai, svogūnai",
            "price": "€14.90"
          }
        ]
      },
      {
        "category": "Sriubos",
        "items": [
          {
            "name": "Dienos sriuba",
            "desc": "",
            "price": "€4.00"
          },
          {
            "name": "Šaltibarščiai",
            "desc": "",
            "price": "€5.80"
          },
          {
            "name": "Charčio sriuba",
            "desc": "",
            "price": "€7.50"
          }
        ]
      },
      {
        "category": "Salotos",
        "items": [
          {
            "name": "Cezario salotos su vištiena",
            "desc": "Salotų lapai, kepta vištienos krūtinėlė, vyšniniai pomidorai, baltos duonos skrebučiai, kietasis sūris",
            "price": "€8.90"
          },
          {
            "name": "Cezario salotos su lašiša",
            "desc": "Salotų lapai, kepta lašišos filė, vyšniniai pomidorai, baltos duonos skrebučiai, kietasis sūris",
            "price": "€9.50"
          },
          {
            "name": "Cezario saloto su krevetėmis",
            "desc": "Salotų lapai, krevetės, vyšniniai pomidorai, baltos duonos skrebučiai, kietasis sūris, padažas",
            "price": "€9.90"
          }
        ]
      },
      {
        "category": "Desertai",
        "items": [
          {
            "name": "Naminis obuolių pyragas",
            "desc": "",
            "price": "€5.90"
          },
          {
            "name": "Naminis varškės štrudelis",
            "desc": "",
            "price": "€5.90"
          },
          {
            "name": "Naminis sūrio pyragas",
            "desc": "",
            "price": "€5.90"
          },
          {
            "name": "Karamelinis šakočio tinginys",
            "desc": "",
            "price": "€5.90\n(150 g, €39.33/kg)"
          },
          {
            "name": "Šokoladinis šakočio tinginys",
            "desc": "",
            "price": "€5.90\n(150 g, €39.33/kg)"
          }
        ]
      },
      {
        "category": "Gėrimai",
        "items": [
          {
            "name": "Coca-Cola 330 ml",
            "desc": "",
            "price": "€2.10\n(330 ml, €6.06/l)"
          },
          {
            "name": "Coca-Cola Zero 330 ml",
            "desc": "",
            "price": "€2.10"
          },
          {
            "name": "Fanta 330 ml",
            "desc": "",
            "price": "€2.10\n(330 ml, €6.06/l)"
          },
          {
            "name": "Sprite 330 ml",
            "desc": "",
            "price": "€2.10\n(330 ml, €6.06/l)"
          },
          {
            "name": "Coca-Cola 500 ml",
            "desc": "",
            "price": "€2.60\n(500 ml, €5.00/l)"
          },
          {
            "name": "Coca-Cola Zero 500 ml",
            "desc": "",
            "price": "€2.60"
          },
          {
            "name": "Fanta 500 ml",
            "desc": "",
            "price": "€2.60\n(500 ml, €5.00/l)"
          },
          {
            "name": "Sprite 500 ml",
            "desc": "",
            "price": "€2.60\n(500 ml, €5.00/l)"
          },
          {
            "name": "Coca-Cola 1 l",
            "desc": "",
            "price": "€4.10\n(1 l, €4.00/l)"
          },
          {
            "name": "Coca-Cola Zero 1 l",
            "desc": "",
            "price": "€4.10"
          },
          {
            "name": "Fanta 1 l",
            "desc": "",
            "price": "€4.10"
          },
          {
            "name": "Sprite 1 l",
            "desc": "",
            "price": "€4.10"
          },
          {
            "name": "Gira Smetoniška 500 ml",
            "desc": "",
            "price": "€3.10"
          },
          {
            "name": "Gira naminė spanguolių 500 ml",
            "desc": "",
            "price": "€3.00"
          },
          {
            "name": "Negazuotas vanduo Uniqa 500 ml",
            "desc": "",
            "price": "€2.10"
          },
          {
            "name": "Gazuotas vanduo Uniqa 500 ml",
            "desc": "",
            "price": "€2.10"
          },
          {
            "name": "Nealkoholinis alus Warsteiner 330 ml",
            "desc": "Vartodami alkoholį, rizikuojate savo sveikata, šeimos ir visuomenės gerove",
            "price": "€4.60"
          }
        ]
      },
      {
        "category": "Padažai",
        "items": [
          {
            "name": "Pikantiškas padažas",
            "desc": "",
            "price": "€1.00"
          },
          {
            "name": "Raudonas aštrus padažas",
            "desc": "",
            "price": "€1.00"
          },
          {
            "name": "Česnakinis padažas",
            "desc": "",
            "price": "€1.00"
          }
        ]
      },
      {
        "category": "Alkoholiniai gėrimai",
        "items": [
          {
            "name": "Alus Volfas Engelman Balta Pinta, 5,2%, 568 ml",
            "desc": "Vartodami alkoholį, rizikuojate savo sveikata, šeimos ir visuomenės gerove",
            "price": "€4.60\n(5.2% vol)"
          },
          {
            "name": "Alus Volfas Engelman Blanc 5%, 568 ml",
            "desc": "Vartodami alkoholį, rizikuojate savo sveikata, šeimos ir visuomenės gerove",
            "price": "€4.60\n(5% vol)"
          },
          {
            "name": "Alaus kokteilis Volfas Engelman Kriek, 4%, 568 ml",
            "desc": "Vartodami alkoholį, rizikuojate savo sveikata, šeimos ir visuomenės gerove",
            "price": "€4.60\n(4% vol)"
          },
          {
            "name": "Alus Warsteiner 4,8%, 330 ml",
            "desc": "Vartodami alkoholį, rizikuojate savo sveikata, šeimos ir visuomenės gerove",
            "price": "€4.60\n(4.8% vol)"
          },
          {
            "name": "Sidras Fizz, kriaušių skonio 4,5%, 500 ml",
            "desc": "Vartodami alkoholį, rizikuojate savo sveikata, šeimos ir visuomenės gerove",
            "price": "€4.60\n(4.5% vol)"
          },
          {
            "name": "Putojantis vynas Alita, sausas 11%, 750 ml",
            "desc": "Vartodami alkoholį, rizikuojate savo sveikata, šeimos ir visuomenės gerove",
            "price": "€19.00\n(11% vol)"
          },
          {
            "name": "Vynas Calligari Solo Selettivo Riesling, baltas, pusiau saldus 11,5%, 750 ml",
            "desc": "Vartodami alkoholį, rizikuojate savo sveikata, šeimos ir visuomenės gerove",
            "price": "€23.00\n(11.5% vol)"
          },
          {
            "name": "Vynas Doppio Passo Primitivo Puglia I.G.T., raudonas, sausas 13%, 750 ml",
            "desc": "Vartodami alkoholį, rizikuojate savo sveikata, šeimos ir visuomenės gerove",
            "price": "€23.00\n(13% vol)"
          },
          {
            "name": "Brendis Torres 5 38%, 700 ml",
            "desc": "Vartodami alkoholį, rizikuojate savo sveikata, šeimos ir visuomenės gerove",
            "price": "€42.00\n(38% vol)"
          },
          {
            "name": "Viskis Jack Daniels 40%, 700 ml",
            "desc": "Vartodami alkoholį, rizikuojate savo sveikata, šeimos ir visuomenės gerove",
            "price": "€55.00\n(40% vol)"
          },
          {
            "name": "Degtinė Lithuanian Auksinė 40%, 700 ml",
            "desc": "Vartodami alkoholį, rizikuojate savo sveikata, šeimos ir visuomenės gerove",
            "price": "€39.00\n(40% vol)"
          },
          {
            "name": "Jameson viskis 40 % 700 ml.",
            "desc": "Vartodami alkoholį, rizikuojate savo sveikata, šeimos ir visuomenės gerove",
            "price": "€47.00\n(40% vol)"
          }
        ]
      }
    ]
  },
  {
    "address": "Vokiečių g. 11",
    "location": [
      25.2840122580528,
      54.6796459241579
    ],
    "name": "Sugamour (Vokiečių g.)",
    "rating": {
      "rating": 4,
      "score": 9.2
    },
    "short_description": "Rankų darbo desertai ir puikus maistas | Šis restoranas priklauso ir jį valdo UAB Saldi kava, kuri yra atsakinga už parduodamas prekes. Visą informaciją apie parduodamus produktus pateikia pardavėjas",
    "id": "sugamour-vokieciu-g",
    "tags": [
      "pusryčiai",
      "viduržemio",
      "desertas"
    ],
    "distance": "0.6 km",
    "duration": 9,
    "menu": [
      {
        "category": "Pavasario naujienos",
        "items": [
          {
            "name": "Avokadų skrebutis su benedikto kiaušiniais",
            "desc": "Duona su grūdais, grūsti avokadai, kedrinės pinijos, džiovinti pomidorai ir šviežios salotos, pagardintos žolelių aliejumi",
            "price": "€12.50"
          },
          {
            "name": "Avokadų skrebutis su benedikto kiaušiniais ir krevėtėmis",
            "desc": "Duona su grūdais, grūsti avokadai ir naminis olandiškas padažas",
            "price": "€13.50"
          },
          {
            "name": "Avokadų skrebučių trio",
            "desc": "Patiekalą sudaro trys skirtingi skrebučiai: 1. Skrebutis su sūdytomis lašišomis, grūstais avokadais, salotomis, pagardintomis džiovintais pomidorais ir įvairiomis sėklomis; 2. Skrebutis su benedikto kiaušiniu, šonine, grūstais avokadais, salotomis, pagardintomis džiovintais pomidorais ir įvairiomis sėklomis; 3. Skrebutis su naminiu humusu, avokadais, ožkų sūriu, ir granatų sėklomis",
            "price": "€17.50"
          },
          {
            "name": "„Provanso\" benediktas",
            "desc": "Du arba trys žemoje temperatūroje virti kiaušiniai, avokadai, traškios salotos, pagardintos kedrinėmis pinijomis, naminis olandiškas padažas",
            "price": "€12.50"
          },
          {
            "name": "Paryžietiški pusryčiai",
            "desc": "Susikurkite savo pusryčių skonį iš mūsų pateiktų ingrediantų: duonos skrebučiai, grūsti avokadai, sūdytos lašišos, Benedikto kiaušiniai ir traškios salotos, pagardintos kedrinėmis pinijomis ir žolelių padažu. Skanaus!",
            "price": "€13.00"
          },
          {
            "name": "„Rosti“ blynelis su šonine ir benedikto kiaušiniu",
            "desc": "Bulvių paplotėlis „Rosti“, ožkų sūrio kremas ir traškios salotos",
            "price": "€12.50"
          }
        ]
      },
      {
        "category": "Benedikto kiaušiniai",
        "items": [
          {
            "name": "Klasikinis benediktas",
            "desc": "Du arba trys žemoje temperatūroje virti kiaušiniai, virtas kumpis, naminis olandiškas padažas",
            "price": "€10.00"
          },
          {
            "name": "Pasifiko Benediktas",
            "desc": "Du arba trys žemoje temperatūroje virti kiaušiniai, lengvai sūdyta lašiša, naminis „Remoulade“ padažas, naminis olandiškas padažas",
            "price": "€13.50"
          },
          {
            "name": "Benediktas su plėšyta vištiena",
            "desc": "Du arba trys žemoje temperatūroje virti kiaušiniai, plėšyta vištiena su saldžiarūgščiu padažu, grilinti ananasai, kepta šoninė, naminis olandiškas padažas",
            "price": "€13.50"
          },
          {
            "name": "Rožinis Benediktas",
            "desc": "Du arba trys žemoje temperatūroje virti kiaušiniai, lengvai sūdytos lašišos, burokėlių lapeliai, avokadai, naminis olandiškas padažas su burokėlių sultimis. Transportuojant padažas gali prarasti dalį purumo ir pakeisti konsistenciją",
            "price": "€13.50"
          },
          {
            "name": "Avokadų Benediktas su sūdytomis lašišomis",
            "desc": "Du arba trys žemoje temperaturoje virti kiaušiniai patiekiami ant avokadų, rukola, kedrinės pinijos, naminis olandiškas padažas. Transportuojant padažas gali prarasti dalį purumo ir pakeisti konsistenciją",
            "price": "€17.00"
          },
          {
            "name": "Sveikuoliškas benediktas",
            "desc": "Du žemoje temperatūroje virti kiaušiniai, juoda duonelė su sėklomis, ožkų sūrio kremas, ridikėlių, pievagrybių ir kietojo sūrio salotos pagardintos žolelių padažu, avokadai, naminis olandiškas padažas. Transportuojant padažas gali prarasti dalį purumo ir pakeisti konsistenciją",
            "price": "€14.50"
          },
          {
            "name": "Benediktų trio",
            "desc": "Trys žemoje temperatūroje virti kiaušiniai patiekiami su skirtingais garnyrais. Trio sudaro: klasikinis Benediktas, rožinis avokadų Benediktas su sūdytomis lašišomis ir Benediktas su plėšyta vištiena",
            "price": "€17.50"
          },
          {
            "name": "„Rosti“ blynelis su lašišomis ir Benedikto kiaušiniu",
            "desc": "Bulvių blynelis „Rosti“, žemoje temperatūroje virtas kiaušinis, ožkų sūrio kremas, šviežių salotų lapeliai",
            "price": "€13.50"
          }
        ]
      },
      {
        "category": "Pusryčiai visą dieną",
        "items": [
          {
            "name": "Klasikinė plakta kiaušinienė (vegetarian)",
            "desc": "Patiekiama su šviežių salotų lapeliais ir sviestine duonele „Brioche“",
            "price": "€10.00"
          },
          {
            "name": "Prancūziškas omletas su avokadais (vegetarian)",
            "desc": "Patiekiama su šviežių salotų lapeliais ir Sugamour su meile iškepta sviestine duonele Brioche",
            "price": "€11.00"
          },
          {
            "name": "Omletas su čiorisu",
            "desc": "Mažosios bulvytės, šoninė, sūris ir krapai",
            "price": "€13.00"
          },
          {
            "name": "Kiaušinienė „Chorizo Hash”",
            "desc": "Du kepti kiaušiniai, čiorisas, bulvės, marinuoti mėlynieji svogūnai, naminis olandiškas padažas",
            "price": "€13.00"
          },
          {
            "name": "Angliški pusryčiai",
            "desc": "Trys kepti kiaušiniai, plonos jautienos dešrelės, pupelės pomidorų padaže, kepta kraujinė dešra, kepti vyšniniai pomidorai, kepti Porrtobello grybai, sviestinė duonelė Brioche",
            "price": "€15.00"
          },
          {
            "name": "Šakšuka su baklažanais by Sugamour 🌶️",
            "desc": "Du kepti kiaušiniai trintų pomidorų padaže su daržovėmis, fetos sūris, baklažanai, kapotos petražolės ir duonos skrebutis",
            "price": "€15.00"
          },
          {
            "name": "Rankų darbo kepti varškėčiai (vegetarian) 5 vnt.",
            "desc": "Su aviečių tyre, grietine ir šviežiomis uogomis",
            "price": "€10.00"
          },
          {
            "name": "Blyneliai su varške (vegetarian)",
            "desc": "Patiekiama su aviečių tye ir grietine",
            "price": "€11.00"
          },
          {
            "name": "Croque Madame",
            "desc": "Tradicinis prancūziškas karštas suvožtinis traškia plutele su virtu kumpiu, minkštu sūriu, sviestu ir keptu kiaušiniu",
            "price": "€9.50"
          },
          {
            "name": "Croque Monsieur",
            "desc": "Tradicinis prancūziškas karštas suvožtinis traškia plutele su virtu kumpiu, sūriu ir sviestu",
            "price": "€9.00"
          },
          {
            "name": "Purūs blyneliai su bananais, „Nutella“ ir naminiais „Sugamour“ ledais (veg)",
            "desc": "",
            "price": "€11.00"
          },
          {
            "name": "Purūs blyneliai su traškia šonine",
            "desc": "Patiekiama su čederio sūrio padažu, klevų sirupu ir šilauogėmis",
            "price": "€11.00"
          },
          {
            "name": "Avižinių dribsnių košė su šviežiomis uogomis ir namine granola (veg)",
            "desc": "",
            "price": "€8.00"
          },
          {
            "name": "Grikių košė su šakninėmis daržovėmis ir sviesteliu ((vegetarian)",
            "desc": "Grikių košė su keptomis šakninėmis daržovėmis, pagardinta degintu sviestu",
            "price": "€8.00"
          }
        ]
      },
      {
        "category": "Švieži prancūziški rageliai",
        "items": [
          {
            "name": "Klasikinis ragelis",
            "desc": "",
            "price": "€2.50"
          },
          {
            "name": "Migdolinis ragelis",
            "desc": "",
            "price": "€4.30"
          },
          {
            "name": "Prancūziškas ragelis įdarytas pistacijų riešutų kremu",
            "desc": "",
            "price": "€4.30"
          },
          {
            "name": "Prancūziškas ragelis su karamelės kremo įdaru",
            "desc": "",
            "price": "€4.30"
          },
          {
            "name": "Prancūziškas ragelis su pasiflorų kremo įdaru",
            "desc": "",
            "price": "€4.30"
          },
          {
            "name": "Prancūziškas ragelis su braškių kremo įdaru",
            "desc": "",
            "price": "€4.30"
          },
          {
            "name": "Prancūziškas ragelis su Nutella įdaru",
            "desc": "",
            "price": "€4.30"
          },
          {
            "name": "Prancūziškas ragelis įdarytas „Serrano\" kumpiu ir naminiu sviestiniu pesto",
            "desc": "",
            "price": "€8.00"
          },
          {
            "name": "Prancūziškas ragelis įdarytas lašišomis, ožkų sūrio kremu ir avokadais",
            "desc": "",
            "price": "€8.50"
          },
          {
            "name": "Prancūziškas ragelis įdarytas aviečių džemu ir „Bonjour\" kremu",
            "desc": "",
            "price": "€5.00"
          }
        ]
      },
      {
        "category": "Užkandžiai ir salotos",
        "items": [
          {
            "name": "Marinuotos alyvuogės (vegan)",
            "desc": "",
            "price": "€7.00"
          },
          {
            "name": "Užkandžių rinkinys prie vyno 2–3 asm.",
            "desc": "Keturių rūšių sūriai, „Serrano\" kumpis, marinuotos alyvuogės, „Grissini\" lazdelės, šviežia figa, avietės, figų džemas",
            "price": "€18.00"
          },
          {
            "name": "Burokėlių falafeliai su naminiu humusu",
            "desc": "",
            "price": "€11.00"
          },
          {
            "name": "Krevetės česnakiniame sviestelyje",
            "desc": "Patiekiama su sviestine Brioche duonele",
            "price": "€14.50"
          },
          {
            "name": "Cezario salotos su vištiena",
            "desc": "",
            "price": "€13.00"
          },
          {
            "name": "Cezario salotos su krevetėmis",
            "desc": "Patiekiama Brioche skrebučiais",
            "price": "€14.50"
          },
          {
            "name": "„Nicoise“ salotos su Benedikto kiaušiniu",
            "desc": "Apkeptas tunas, vyšniniai pomidorai, mažosios bulvytės, šparaginės pupelės, alyvuogės, žaliosios salotos, citrininis padažas",
            "price": "€16.50"
          },
          {
            "name": "Salotos su keptu ožkų sūriu ir karamelizuotais burokėliais",
            "desc": "Vyšniniai pomidorai, šviežios figos, persikai, kedrinės pinijos, balzaminio acto kremas, aviečių padažas",
            "price": "€15.50"
          }
        ]
      },
      {
        "category": "Sriubos",
        "items": [
          {
            "name": "Šaltibarščiai by Sugamour",
            "desc": "Pateikiama su keptomis Baby bulvytėmis",
            "price": "€7.00"
          },
          {
            "name": "Kreminė baravykų sriuba su kelmučiais ir trumų padažu",
            "desc": "",
            "price": "€8.50"
          },
          {
            "name": "Dienos sriuba - Lašišos sriuba su baravykais",
            "desc": "",
            "price": "€4.00"
          }
        ]
      },
      {
        "category": "Karštieji patiekalai",
        "items": [
          {
            "name": "Juodieji rankų darbo koldūnai su sepijomis ir lašišų kremu",
            "desc": "Patiekiama su grietinės ir krapų padažu bei raudonaisiais ikrais",
            "price": "€13.50"
          },
          {
            "name": "Spalvotieji rankų darbo koldūnai įdaryti rikotos sūriu su trumais",
            "desc": "Patiekiama su grietinėlės ir deginto sviesto padažu bei trumais",
            "price": "€13.50"
          },
          {
            "name": "Troškinti jautienos žandai",
            "desc": "Patiekiama su saldžiųjų bulvių koše, žirnių ankštimis, burokėliais ir raudonojo vyno padažu",
            "price": "€20.00"
          },
          {
            "name": "Antienos „Confit“ su granatų ir raudonojo vyno padažu",
            "desc": "Patiekiama su baby bulvytėmis, keptais karamelizuotais svogūnais",
            "price": "€21.00"
          },
          {
            "name": "Lašiša su karamelizuotais burokėliais",
            "desc": "Patiekiama su gražgarsčių salotomis, medaus ir garstyčių padažu",
            "price": "€19.00"
          },
          {
            "name": "Vištienos kepsnys „Supreme“",
            "desc": "Patiekiama su mažosiomis bulvytėmis, žirnelių trintiniu ir keptais vyšniniais pomidorais",
            "price": "€14.50"
          },
          {
            "name": "Midijos kreminiame baltojo vyno padaže",
            "desc": "Patiekiama su sviestine duonele „Brioche“",
            "price": "€18.00"
          },
          {
            "name": "Pikantiškos midijos pamidorų padaže",
            "desc": "Patiekiama su keptomis mažosiomis bulvytėmis, pagardintomis česnakais ir rozmarinais",
            "price": "€18.00"
          }
        ]
      },
      {
        "category": "Pyragaičiai",
        "items": [
          {
            "name": "Pistacijų ir aviečių meilė",
            "desc": "Pistacijų biskvitas, traškus aviečių sluoksnis, aviečių kremas, aviečių marmeladas, pistacijų putėsiai, liofilizuotos avietės",
            "price": "€5.50"
          },
          {
            "name": "Mangų, pasiflorų ir sūrio kremo meilė",
            "desc": "Parmezano sūrio biskvitas, „Philadelphia“ sūrio putėsiai, mangų, pasiflorų ir vanilės compote, juodieji sezamai",
            "price": "€5.50\n(100 g, €5.50/100g)"
          },
          {
            "name": "Šampano ir braškių meilė",
            "desc": "Avietinis biskvitas, traškus lazdynų riešutų sluoksnis, braškių džemas, vanilininis kremas, šampano ir rožių compote, braškiniai putėsiai",
            "price": "€5.50"
          },
          {
            "name": "„Matcha“ ir pasiflorų meilė",
            "desc": "Traškus lazdynų riešutų sluoksnis, žaliosios arbatos „Matcha“ biskvitas, bananų ir yuzu kremas, pasiflorų ir „Matcha“ putėsiai",
            "price": "€5.50"
          },
          {
            "name": "Veganiška braškių ir kokosų meilė",
            "desc": "Du kartus keptas trapus kokosinis pagrindas, braškių marmeladas, kokosų ir vanilės kremas, braškių ir kokosų kremo putėsiai",
            "price": "€5.50"
          },
          {
            "name": "Pasiflorų ir šokolado meilė",
            "desc": "Šokoladinis biskvitas, traškus lazdynų riešutų sluoksnis, pasiflorų kremas, juodojo šokolado putėsiai",
            "price": "€5.50"
          },
          {
            "name": "Karamelės, karijų ir spragėsių meilė",
            "desc": "Traškus pagrindas su karijų riešutais, lengvi „Dulcey“ šokolado putėsiai, skystas karijų riešutų praline įdaras, kukurūzų spragėsiai, saldūs pūsti ryžiai",
            "price": "€5.50"
          },
          {
            "name": "Šokoladinė „Bulvytė\"",
            "desc": "Įvairių biskvitų trupiniai sumaišyti su šokoladiniu musu, vyšnių džemo įdaras",
            "price": "€5.00"
          },
          {
            "name": "Karamelės ir karijų riešutų tartaletė",
            "desc": "Trapios tešlos krepšelis, minkšta sūri karamelė su karijų riešutais, maskarponės kremas su natūralia vanile, smulkinti karijų riešutai",
            "price": "€5.00"
          }
        ]
      },
      {
        "category": "Tortai / keksai",
        "items": [
          {
            "name": "Mangų ir sūrio kremo tortas",
            "desc": "~8 asm. Parmezano sūrio biskvitas, kreminio sūrio putėsiai, mangų, pasiflorų ir vanilės compote, juodieji sezamai",
            "price": "€36.00"
          },
          {
            "name": "Pistacijų ir aviečių tortas",
            "desc": "~8 asm. Pistacijų biskvitas, traškus aviečių sluoksnis, aviečių kremas, aviečių marmeladas, pistacijų putėsiai, liofilizuotos avietės",
            "price": "€37.00"
          },
          {
            "name": "Šampano ir braškių tortas",
            "desc": "~8 ppl. Avietinis biskvitas, traškus lazdynų riešutų sluoksnis, braškių džemas, vanilininis kremas, šampano ir rožių compote, braškiniai putėsiai",
            "price": "€36.00"
          }
        ]
      },
      {
        "category": "Macarons sausainiai",
        "items": [
          {
            "name": "Romo skonio macarons",
            "desc": "",
            "price": "€1.40"
          },
          {
            "name": "Spragsinčio šampano macarons",
            "desc": "",
            "price": "€1.40"
          },
          {
            "name": "Manjari šokolado macarons",
            "desc": "",
            "price": "€1.40"
          },
          {
            "name": "Pasiflorų macarons",
            "desc": "",
            "price": "€1.40"
          },
          {
            "name": "Lazdynų riešutų macarons",
            "desc": "",
            "price": "€1.40"
          },
          {
            "name": "Sūrios karamelės macarons",
            "desc": "",
            "price": "€1.40"
          },
          {
            "name": "Juodųjų serbentų macarons",
            "desc": "",
            "price": "€1.40"
          },
          {
            "name": "Avietinis macarons",
            "desc": "",
            "price": "€1.40"
          },
          {
            "name": "Pistacinis macarons",
            "desc": "",
            "price": "€1.40"
          },
          {
            "name": "Braškinis macarons",
            "desc": "",
            "price": "€1.40"
          },
          {
            "name": "Kavos macarons",
            "desc": "",
            "price": "€1.40"
          },
          {
            "name": "Pelėsinių sūrių ir kriaušių macarons",
            "desc": "",
            "price": "€1.40"
          },
          {
            "name": "Yuzu macarons",
            "desc": "",
            "price": "€1.40"
          },
          {
            "name": "4 vnt. tuščia macarons dėžutė",
            "desc": "Dėžutė skirta supakuoti Jūsų pasirinktus macarons sausainius",
            "price": "€1.20"
          },
          {
            "name": "8 vnt. tuščia macarons dėžutė",
            "desc": "Dėžutė skirta supakuoti Jūsų pasirinktus macarons sausainius",
            "price": "€1.50"
          },
          {
            "name": "16 vnt. tuščia macarons dėžutė",
            "desc": "Dėžutė skirta supakuoti Jūsų pasirinktus macarons sausainius",
            "price": "€2.00"
          },
          {
            "name": "32 vnt. tuščia macarons dėžutė",
            "desc": "Dėžutė skirta supakuoti Jūsų pasirinktus macarons sausainius",
            "price": "€2.50"
          }
        ]
      },
      {
        "category": "Naminiai ledai / šerbetai",
        "items": [
          {
            "name": "Ledai ir šerbetai by Sugamour 1 rutuliukas",
            "desc": "Vienas kaušelis 90 g",
            "price": "€2.80"
          },
          {
            "name": "Ledai ir šerbetai by Sugamour 2 kaušeliai",
            "desc": "Du kaušeliai po 90 g. Žemiau pasirinkite norimus skonius",
            "price": "€4.80"
          },
          {
            "name": "Ledai ir šerbetai by Sugamour 3 kaušeliai",
            "desc": "Trys kaušeliai po 90 g. Žemiau pasirinkite skonius",
            "price": "€7.50"
          }
        ]
      },
      {
        "category": "Gėrimai",
        "items": [
          {
            "name": "Coca Cola 0,25 l",
            "desc": "",
            "price": "€3.20"
          },
          {
            "name": "Coca Cola Zero 0,25 l",
            "desc": "",
            "price": "€3.20"
          },
          {
            "name": "Sprite 0,25 l",
            "desc": "",
            "price": "€3.20"
          },
          {
            "name": "Fanta 0,25 l",
            "desc": "",
            "price": "€3.20"
          },
          {
            "name": "Schweppes tonic 0,25 l",
            "desc": "",
            "price": "€3.20"
          },
          {
            "name": "Mineralinis vanduo Acqua Panna, negazuotas 0,25 l",
            "desc": "",
            "price": "€3.80"
          },
          {
            "name": "Mineralinis vanduo S. Pellegrino, gazuotas 0,25 l",
            "desc": "",
            "price": "€3.80"
          },
          {
            "name": "Mineralinis vanduo Akvilė, negazuotas 0,33 l",
            "desc": "",
            "price": "€2.80"
          },
          {
            "name": "Mineralinis vanduo Akvilė, gazuotas 0,33 l",
            "desc": "",
            "price": "€2.80"
          },
          {
            "name": "Mineralinis vanduo Akvilė, negazuotas 0,75 l",
            "desc": "",
            "price": "€4.80"
          },
          {
            "name": "Mineralinis vanduo Akvilė, gazuotas 0,75 l",
            "desc": "",
            "price": "€4.80"
          },
          {
            "name": "Acala kombucha Red Wine Style 0,33 l",
            "desc": "",
            "price": "€5.00"
          },
          {
            "name": "Acala kombuča White Wine Style 0,33 l",
            "desc": "",
            "price": "€5.00"
          },
          {
            "name": "Pago apelsinų sultys 0,2 l",
            "desc": "",
            "price": "€3.30"
          },
          {
            "name": "Pago ananasų sultys 0,2 l",
            "desc": "",
            "price": "€3.30"
          },
          {
            "name": "Pago obuolių sultys 0,2 l",
            "desc": "",
            "price": "€3.30"
          },
          {
            "name": "Pago pomidorų sultys 0,2 l",
            "desc": "",
            "price": "€3.30"
          },
          {
            "name": "Nealkoholinis Carlsberg 0,33 l",
            "desc": "",
            "price": "€4.00"
          },
          {
            "name": "Nealkoholinis Kronenbourg 1664 Blanc 0,33 l",
            "desc": "",
            "price": "€4.00"
          }
        ]
      },
      {
        "category": "Sugamour kavos pupelės",
        "items": [
          {
            "name": "Sugamour klasikinis kavos mišinys 1 kg",
            "desc": "Tai Lotynų Amerikoje augusios kavos pupelių mišinys, sukurtas subalansuojant klasikiškus šokolado, karamelės, riešutų ir citrusų skonius kavos puodelyje",
            "price": "€42.00"
          },
          {
            "name": "Sugamour klasikinis kavos mišinys 0,5 kg",
            "desc": "Tai Lotynų Amerikoje augusios kavos pupelių mišinys, sukurtas subalansuojant klasikiškus šokolado, karamelės, riešutų ir citrusų skonius kavos puodelyje",
            "price": "€23.00"
          },
          {
            "name": "Sugamour klasikinis kavos mišinys 0,25 kg",
            "desc": "Tai Lotynų Amerikoje augusios kavos pupelių mišinys, sukurtas subalansuojant klasikiškus šokolado, karamelės, riešutų ir citrusų skonius kavos puodelyje",
            "price": "€13.00"
          }
        ]
      },
      {
        "category": "Įrankiai🍴",
        "items": [
          {
            "name": "Vienkartiniai įrankiai",
            "desc": "",
            "price": "€0.10"
          }
        ]
      }
    ]
  },
  {
    "address": "Tai virtuali vieta",
    "location": [
      25.283743,
      54.6809859
    ],
    "name": "Sushi Burrito (Domininkonų g.)",
    "rating": {
      "rating": 3,
      "score": 8.8
    },
    "short_description": "Kai virtuvėje Meksika susitika Japoniją gimsta meksikietiškas patiekalas japoniškame stiliuje - Sushi Burrito!",
    "id": "sushi-burrito-domininkonu-g",
    "tags": [
      "sušiai",
      "japoniška"
    ],
    "distance": "0.6 km",
    "duration": 8,
    "menu": [
      {
        "category": "Užkandžiai",
        "items": [
          {
            "name": "Tempura traškios krevetės",
            "desc": "Rankų darbo traškios krevetės. Patiekiamos su teriyaki padažu, skrudintu sezamu ir šefo padažu, laimo skiltele.",
            "price": "€9.99"
          },
          {
            "name": "Spring rolls",
            "desc": "Patiekiama su teriyaki padažu, skrudintu sezamu ir šefo padažu.",
            "price": "€5.99"
          },
          {
            "name": "Svogūnų žiedai",
            "desc": "Patiekiama su teriyaki padažu, skrudintu sezamu ir šefo padažu.",
            "price": "€4.99"
          },
          {
            "name": "Traškūs kalmarų žiedai",
            "desc": "Patiekiama su teriyaki padažu, skrudintu sezamu ir šefo padažu.",
            "price": "€5.99"
          },
          {
            "name": "Gruzdinti krabai su žniplytėmis",
            "desc": "Patiekiama su teriyaki padažu, skrudintu sezamu ir šefo padažu.",
            "price": "€4.99"
          },
          {
            "name": "Gruzdinti Gyoza koldūnai",
            "desc": "Gyoza su mėsos įdaru. Patiekiami su teriyaki padažu, skrudintu sezamu ir šefo padažu.",
            "price": "€7.99"
          }
        ]
      },
      {
        "category": "Sushi",
        "items": [
          {
            "name": "California (8 vnt.)",
            "desc": "Keptos traškios krevetės, gerai prinokintas avokadas, philadelphia, oranžiniai ikriukai, skrudintas baltas ir juodas sezamas. Patiekiama su firminiu soya padažu, mūsų \"žaliu padažiuku\", nedažytu baltu imbieru bei wasabi.",
            "price": "€8.99"
          },
          {
            "name": "Sake Tempura (8 vnt.)",
            "desc": "Lašiša, sirracha majonezo padažas, agurkas, žemės riešutai, Teriyaki padažas, traškučiai",
            "price": "€8.99"
          },
          {
            "name": "Philadelphia (8 vnt.)",
            "desc": "Lašiša, Philadelphia sūris, sezamas, agurkas, Teriyaki padažas, krabų lazdelės",
            "price": "€9.99"
          },
          {
            "name": "Tokyo (8 vnt.)",
            "desc": "Keptos krevetės, lašiša, Philadelphia sūris, avokadas, Teriyaki padažas, traškučiai",
            "price": "€9.99"
          },
          {
            "name": "Hot crab (8 vnt.)",
            "desc": "Krabų surimi, Philadelphia sūris, tobiko oranžiniai ikrai, čederio sūris, keptos krevetės, Teriyaki padažas, čederio sūris deginamas ir lydomas atvira ugnimi iš viršaus",
            "price": "€8.99"
          },
          {
            "name": "Dragon unagi (8 vnt.)",
            "desc": "Ungurys, Philadelphia sūris, keptos krevetės, agurkas, Teriyaki padažas, sezamas",
            "price": "€11.99"
          },
          {
            "name": "Hotroll Salmon (6 vnt.)",
            "desc": "Lašiša, Philadelphia sūris, avokadas, Teriyaki padažas, sezamas, tempura, panko džiuvesėliai",
            "price": "€7.99\n8.99"
          }
        ]
      },
      {
        "category": "Poke bowl",
        "items": [
          {
            "name": "Bowl su lašiša",
            "desc": "Sūdyta laukinė lašiša, suši ryžiai, prinokęs avokadas, mango kubeliai, marinuotas spicy anasas, kimchi marinuotas ridikas, teriyaki burokėlis, marinuotos morkos, teriyaki padažas, juodas sezamas.",
            "price": "€11.99"
          },
          {
            "name": "Bowl su tunu",
            "desc": "Bluefin tunas, suši ryžiai, prinokęs avokadas, mango kubeliai, marinuotas spicy anasas, kimchi marinuotas ridikas, teriyaki burokėlis, marinuotos morkos, teriyaki padažas, juodas sezamas.",
            "price": "€11.99"
          },
          {
            "name": "Bowl su traškiomis tempura krevetėmis",
            "desc": "Traškios tempura krevetės, suši ryžiai, prinokęs avokadas, mango kubeliai, marinuotas spicy anasas, kimchi marinuotas ridikas, teriyaki burokėlis, marinuotos morkos, teriyaki padažas, juodas sezamas.",
            "price": "€11.99"
          },
          {
            "name": "Vegan bowl su tofu",
            "desc": "Marinuota tofu, suši ryžiai, prinokęs avokadas, mango kubeliai, marinuotas spicy anasas, kimchi marinuotas ridikas, teriyaki burokėlis, marinuotos morkos, teriyaki padažas, juodas sezamas.",
            "price": "€10.99"
          }
        ]
      },
      {
        "category": "Combo Sushi buRRito",
        "items": [
          {
            "name": "Crispy Chicken + Bacon Deluxe + Coca-Cola 0,33 l",
            "desc": "Traški vištiena, chederio sūris, prisiurpęs pomidoras, agurkas, aisbergo salotos, firminis siracha majonezinis padažas. Bacon Deluxe - Skrudinta šoninė, traškūs svogūnai, tepamas sūris su kumpiu, prinokęs pomidoras, paprika, aisbergo salota",
            "price": "€16.99"
          }
        ]
      },
      {
        "category": "Karšti Sushi buRRito",
        "items": [
          {
            "name": "Chiken cheese burrito",
            "desc": "Kebabo vištienos filė, prinokęs pomidoras, čederio sūris, gruzdintas mozzarella sūris, sūrio padažas, paprika, aisbergo salota",
            "price": "€8.99"
          },
          {
            "name": "Harmony",
            "desc": "Prinokusio mango padažas, ungurio file, avokadas agurkas, krevetė",
            "price": "€8.99"
          },
          {
            "name": "Bacon Deluxe",
            "desc": "Skrudinta šoninė, traškūs svogūnai, tepamas sūris su kumpiu, prinokęs pomidoras, paprika, aisbergo salota",
            "price": "€8.99"
          },
          {
            "name": "Crispy chicken",
            "desc": "Traški vištiena, čederio sūris, prinokęs pomidoras, agurkas, aisbergo salotos, firminis sriracha majonezinis padažas",
            "price": "€8.99"
          },
          {
            "name": "Royal Tartar",
            "desc": "Keptas tartaras: jūros šukutės, gelsvauodegis tunas, laukinė lašiša, masago oranžiniai ikrai. Paprika, aisbergo salota, agurkas, firminis sriracha majonezinis padažas",
            "price": "€9.99"
          },
          {
            "name": "Sushi Burrito King (4 vnt.)",
            "desc": "Traški vištiena, ungurio filė, kepta lašiša, karališka traški krevetė, prinokęs pomidoras, aisbergo salota, philadelphia, teriyaki",
            "price": "€16.99"
          }
        ]
      },
      {
        "category": "Šalti Sushi buRRito",
        "items": [
          {
            "name": "Salmon Samba Dance",
            "desc": "Laukinė lašiša, traški karališka krevetė, paprika, agurkas, philadelphia",
            "price": "€8.99"
          },
          {
            "name": "Buddha joy",
            "desc": "Avokadas, wakame, cukinija, agurkas, baltas kepintas sezamas",
            "price": "€8.99"
          }
        ]
      },
      {
        "category": "Desertai",
        "items": [
          {
            "name": "Cheese cake",
            "desc": "Su braškių padažu",
            "price": "€3.80"
          },
          {
            "name": "Migdolinis tortas",
            "desc": "",
            "price": "€3.80"
          },
          {
            "name": "Šokoladinis pyragaitis",
            "desc": "Su šiltu šokoladu viduje",
            "price": "€3.80"
          },
          {
            "name": "Chia Mango dance",
            "desc": "Chia pudingas su natūraliu jogurtu pagardintas sutrintu saulėje prinokusiu mango. Nėra dirbtinio cukraus. Braškė - dekoracija į sudėtį neįeina.",
            "price": "€1.99"
          }
        ]
      },
      {
        "category": "Gėrimai",
        "items": [
          {
            "name": "Coca-Cola 0,33 l",
            "desc": "",
            "price": "€1.99"
          },
          {
            "name": "Coca-Cola Zero 0,33 l",
            "desc": "",
            "price": "€1.99"
          },
          {
            "name": "Fanta, 0,33 l",
            "desc": "",
            "price": "€1.99"
          },
          {
            "name": "Sprite 0,33 l",
            "desc": "",
            "price": "€1.99"
          },
          {
            "name": "Apelsinų sultys Granini 0,25 l",
            "desc": "",
            "price": "€2.00"
          },
          {
            "name": "Persikų sultys Granini 0,25 l",
            "desc": "",
            "price": "€2.00"
          }
        ]
      }
    ]
  },
  {
    "address": "Trakų g. 7-10 ",
    "location": [
      25.279625491970027,
      54.68002327185177
    ],
    "name": "LeTea Bubble Tea",
    "rating": {
      "rating": 4,
      "score": 9.6
    },
    "short_description": "Susikurk burbulų arbatą individualiai sau",
    "id": "letea-bubble-tea",
    "tags": [
      "burbulinė arbata",
      "azijietiška"
    ],
    "distance": "0.3 km",
    "duration": 4,
    "menu": [
      {
        "category": "🌟Special Offer🌟",
        "items": [
          {
            "name": "Azijapanda.lt card 1vnt",
            "desc": "Didžiausia azijietiško maisto bei patraukliausių kainų internetinė parduotuvė Lietuvoje! Pristatome per 1-2 d.d. Hello! Our online store opened! AZIJAPANDA.LT Azijapanda.lt - the largest Asian food e-store in Lithuania! 🍜⭐️ ⁡ We came here with an extremely important mission - to offer you the largest assortment of Asian products in our country - and all in one place! 🔥 ⁡ In our store you will find countless Asian cuisine products from different Asian countries - China, South Korea, Thailand, Japan, etc. - for the most attractive price in Lithuania! ⁡ ⁡ With the code PANDA5 we give you a 5% discount on your first purchase! ⁡ No matter which corner of Lithuania you are in, we will deliver all goods within 1-2 working days! In the cities of Vilnius and Kaunas, you will also be able to pick up the goods in a physical store 🙂",
            "price": "€0.00"
          },
          {
            "name": "🌟Mystery box for 1 Drink🌟",
            "desc": "Mystery box includes: 1 Large random drink with 2 toppings. The highest price of the product can reach 8.6 Euros, at least 7.2eur euros",
            "price": "€6.88\n8.60"
          },
          {
            "name": "🌟Mystery box for 2 Drinks🌟",
            "desc": "Mystery box includes: 2 Large random drinks, 2 toppings for each drink. The highest price of the product can reach 16.5 Euros, at least 14.4 euros",
            "price": "€13.68\n16.50"
          }
        ]
      },
      {
        "category": "Grynosios arbatos ❄️ 🔥 ☘️",
        "items": [
          {
            "name": "Jazminų žalioji arbata",
            "desc": "Vegan/Cold/Hot",
            "price": "€5.10"
          },
          {
            "name": "Asamo juodoji arbata",
            "desc": "Vegan/Cold/Hot",
            "price": "€5.10"
          }
        ]
      },
      {
        "category": "Šviežio pieno gėrimai ❄️ 🔥",
        "items": [
          {
            "name": "Jazminų latė",
            "desc": "Cold/Hot Jazminų žalioji arbata su šviežiu pienu. Šis gėrimas be ledo nepatiekiamas.",
            "price": "€5.60"
          },
          {
            "name": "Asamo latė",
            "desc": "Cold/Hot Asamo juoda arbata su šviežiu pienu. Šis gėrimas be ledo nepatiekiamas",
            "price": "€5.60"
          },
          {
            "name": "Kakavos burbuliukų latė",
            "desc": "Cold/Hot Su tapijokos burbuliukais. Priedą galite pakeisti į bet kurį kitą. Šis gėrimas be ledo nepatiekiamas",
            "price": "€5.60"
          },
          {
            "name": "Rudojo cukraus burbuliukų pienas",
            "desc": "Cold/Hot Su rudojo cukraus tapijokos burbuliukais. Šis gėrimas be ledo nepatiekiamas",
            "price": "€5.80"
          },
          {
            "name": "Rudojo cukraus burbuliukų latė",
            "desc": "Cold/Hot Su rudojo cukraus tapijokos burbuliukais. Šis gėrimas be ledo nepatiekiamas",
            "price": "€5.80"
          },
          {
            "name": "Mačios latė",
            "desc": "Cold/Hot Šis gėrimas be ledo nepatiekiamas",
            "price": "€6.40"
          }
        ]
      },
      {
        "category": "Pieninė arbata ❄️ 🔥 ☘️",
        "items": [
          {
            "name": "Klasikinė burbulinė arbata",
            "desc": "Vegan/Cold/Hot",
            "price": "€5.60"
          },
          {
            "name": "Klasikinė taro pieninė arbata",
            "desc": "Vegan/Cold/Hot",
            "price": "€5.90"
          },
          {
            "name": "Arbata Le Tea",
            "desc": "Vegan/Cold/Hot Su pudingu ir arbatos želė",
            "price": "€6.80"
          },
          {
            "name": "Klasikinė mangų pieninė arbata",
            "desc": "Vegan/Cold/Hot",
            "price": "€5.90"
          },
          {
            "name": "Klasikinė bananų pieninė arbata",
            "desc": "Vegan/Cold/Hot",
            "price": "€5.90"
          },
          {
            "name": "Klasikinė braškių pieninė arbata",
            "desc": "Vegan/Cold/Hot",
            "price": "€5.90"
          },
          {
            "name": "Klasikinė mėlynių pieninė arbata",
            "desc": "Vegan/Cold/Hot",
            "price": "€5.90"
          },
          {
            "name": "Klasikinė persikų pieninė arbata",
            "desc": "Vegan/Cold/Hot",
            "price": "€5.90"
          }
        ]
      },
      {
        "category": "Sūdyta sūrio plakta grietinėle arbata ❄️ 🔥",
        "items": [
          {
            "name": "Jazminų su sūdyta sūrio plakta grietinėle",
            "desc": "Cold/Hot Cheezo is lactose free",
            "price": "€5.90"
          },
          {
            "name": "Asamo su sūdyta sūrio plakta grietinėle",
            "desc": "Cold/Hot Cheezo is lactose free",
            "price": "€5.90"
          },
          {
            "name": "Mačios su sūdyta sūrio plakta grietinėle",
            "desc": "Cold Šis gėrimas be ledo nepatiekiamas Cold/Hot Cheezo is lactose free",
            "price": "€7.20"
          }
        ]
      },
      {
        "category": "Specialiosios vaisinės arbatos ❄️ 🔥 ☘️",
        "items": [
          {
            "name": "Žalioji arbata su šviežiomis citrinomis",
            "desc": "Vegan/Cold/Hot",
            "price": "€5.70"
          },
          {
            "name": "Juodoji arbata su šviežiomis citrinomis",
            "desc": "Vegan/Cold/Hot",
            "price": "€5.70"
          },
          {
            "name": "Žalioji arbata su pasifloromis",
            "desc": "Vegan/Cold/Hot",
            "price": "€5.70"
          },
          {
            "name": "Žalioji arbata su mangais",
            "desc": "Vegan/Cold/Hot",
            "price": "€5.70"
          },
          {
            "name": "Žalioji arbata su persikais",
            "desc": "Vegan/Cold/Hot",
            "price": "€5.70"
          },
          {
            "name": "Juodoji arbata su hibisku",
            "desc": "New product, sweet and sour taste. Highly recommended. Vegan/Cold/Hot",
            "price": "€5.70"
          },
          {
            "name": "Žalioji arbata su ananasais",
            "desc": "Vegan/Cold Patiekiama tik šalta",
            "price": "€5.70"
          },
          {
            "name": "Aukščiausios kategorijos braškių arbata",
            "desc": "Vegan/Cold Patiekiama tik šalta. su žaliąja arbata.",
            "price": "€5.90"
          },
          {
            "name": "Aukščiausios kategorijos vynuogių arbata",
            "desc": "Vegan/Cold Patiekiama tik šalta. Su juoda arbata.",
            "price": "€5.90"
          }
        ]
      },
      {
        "category": "Arbata su japonišku jogurtu ❄️ ☘️",
        "items": [
          {
            "name": "Persikų arbata su japonišku jogurtu",
            "desc": "Vegan/Cold su žaliąja arbata",
            "price": "€5.70"
          },
          {
            "name": "Braškių arbata su japonišku jogurtu",
            "desc": "Vegan/Cold su žaliąja arbata",
            "price": "€5.70"
          },
          {
            "name": "Mangų arbata su japonišku jogurtu",
            "desc": "Vegan/Cold su žaliąja arbata",
            "price": "€5.70"
          },
          {
            "name": "Pasiflorų arbata su japonišku jogurtu",
            "desc": "Vegan/Cold su žaliąja arbata",
            "price": "€5.70"
          }
        ]
      },
      {
        "category": "❤️Dessert❤️",
        "items": [
          {
            "name": "Vanilla Pudding (Vegan) with fruit sauce",
            "desc": "About 150g, you can choose sauce",
            "price": "€2.40"
          }
        ]
      }
    ]
  },
  {
    "address": "Tai virtuali vieta",
    "location": [
      25.284501,
      54.6791894
    ],
    "name": "Mac & Forks (Vokiečių g.)",
    "rating": {
      "rating": 3,
      "score": 8.8
    },
    "short_description": "Makaronai ir sūris | Šis restoranas priklauso ir jį valdo UAB Maisto inovacijos, kuri yra atsakinga už parduodamas prekes. Visą informaciją apie parduodamus produktus pateikia pardavėjas",
    "id": "mac-forks",
    "tags": [
      "amerikietiška",
      "makaronai"
    ],
    "distance": "0.7 km",
    "duration": 9,
    "menu": [
      {
        "category": "Macaroni & Cheese",
        "items": [
          {
            "name": "The Simple One",
            "desc": "Tiesiog tyras brandinto čederio ir gaudos sūrio skonis. Tai, kaip amerikietiško maisto Darius ir Girėnas, nei atimsi, nei pridėsi.",
            "price": "€7.59"
          },
          {
            "name": "The Italian",
            "desc": "Amerikietiškas mac & cheese įkvėptas italų imigrantų vėlyvajame 19 a., kai mocarela, bazilikas ir saulėje džiovinti pomidorai buvo importuoti kartu su mafijos tradicijomis. Nukels tiesiai į Mažają Italiją!",
            "price": "€8.59"
          },
          {
            "name": "The Mexican 🌶",
            "desc": "Šį sukurti buvo itin paprasta. Iš No Forks pasiskolinom legendinius kiaulienos carnitas ir smoked'n'spicy salsą, jalapenų bei grietinės ir gavosi geresnis mac & cheese nei pačiame Los Andžele. Delicioso amigo!",
            "price": "€8.59"
          },
          {
            "name": "The Chicken Alfredo",
            "desc": "Vištiena puikiai susidraugauja su išraiškinguoju pesto, parmezano sūriu, saulėje džiovintais pomidorais ir viską vainikuoja vytintas kumpis. Šis rafinuotas mac & cheese pastatys tave ant kojų!",
            "price": "€8.59"
          },
          {
            "name": "The Quatro Cheese",
            "desc": "Dėl šio teko nulėkti iki Anglijos ir pasikrauti gero čedario, užsukti į Italiją permezano, į Prancūziją mėlynojo, o lietuviško draugai atvežė iš Rokiškio. Viską išlydėm ir pagaminom quatro formaggio arba tiesiog keturių sūrių mac & cheese. Cheestastic!",
            "price": "€8.59"
          }
        ]
      },
      {
        "category": "Alkoholiniai gėrimai",
        "items": [
          {
            "name": "Corona 0,33 l",
            "desc": "Vartodami alkoholį, rizikuojate savo sveikata, šeimos ir visuomenės gerove",
            "price": "€4.50\n(4.5% vol)"
          },
          {
            "name": "Desperados 0,33 l",
            "desc": "Vartodami alkoholį, rizikuojate savo sveikata, šeimos ir visuomenės gerove",
            "price": "€4.90\n(5.9% vol)"
          },
          {
            "name": "Tinginio pantis kriaušių sidras 0,33 l",
            "desc": "Vartodami alkoholį, rizikuojate savo sveikata, šeimos ir visuomenės gerove",
            "price": "€4.70\n(4.5% vol)"
          }
        ]
      },
      {
        "category": "Gaivieji gėrimai",
        "items": [
          {
            "name": "Coca-Cola 0.33l",
            "desc": "",
            "price": "€2.60"
          },
          {
            "name": "Coca-Cola Zero 0.33l",
            "desc": "",
            "price": "€2.60"
          },
          {
            "name": "Fanta 0.33l",
            "desc": "",
            "price": "€2.60"
          },
          {
            "name": "Sprite 0.33l",
            "desc": "",
            "price": "€2.60"
          },
          {
            "name": "Jarritos 0.33l",
            "desc": "",
            "price": "€3.69"
          },
          {
            "name": "Cappy Sultys 0.33l",
            "desc": "",
            "price": "€2.90"
          },
          {
            "name": "Fuzetea 0.5l",
            "desc": "",
            "price": "€2.95"
          },
          {
            "name": "Vichy 0.5l",
            "desc": "",
            "price": "€2.10"
          }
        ]
      }
    ]
  },
  {
    "address": "Algirdo g. 28",
    "location": [
      25.271797478199005,
      54.67602329818492
    ],
    "name": "Pekinas",
    "rating": {
      "rating": 3,
      "score": 8.8
    },
    "short_description": "Tradicinė kinų virtuvė",
    "id": "pekinas",
    "tags": [
      "kiniška",
      "azijietiška",
      "vegetariška"
    ],
    "distance": "0.8 km",
    "duration": 12,
    "menu": [
      {
        "category": "Įrankiai",
        "items": [
          {
            "name": "Vienkartiniai įrankiai",
            "desc": "",
            "price": "€0.10"
          }
        ]
      },
      {
        "category": "Šaltieji patiekalai",
        "items": [
          {
            "name": "A1 Kiniškos salotos",
            "desc": "Agurkai, morkos, jautiena, juodieji grybai, krevetės; saldžiarūgščiai aštrios",
            "price": "€11.30"
          },
          {
            "name": "A2 Pekino salotos (aštrios)",
            "desc": "Agurkai, juodieji grybai, sojų makaronai, kiniški kopūstai, jautiena, riešutai",
            "price": "€10.30"
          },
          {
            "name": "A3 Šiaurinės Kinijos naminės salotos (aštrios)",
            "desc": "Kopūstai, violetiniai kopūstai, morkos, kiniški kopūstai,svogūnai, jautiena",
            "price": "€9.30"
          },
          {
            "name": "A4 Salotos Drakono ūsai (aštrios)",
            "desc": "Bulvės, sojų makaronai, morkos; saldžiarūgščiai",
            "price": "€9.30"
          },
          {
            "name": "A5 Jūrų kopūstų salotos",
            "desc": "Jūrų kopūstai, morkos, sojų makaronai",
            "price": "€15.30"
          },
          {
            "name": "A6 Aštrios kiaulių ausų salotos",
            "desc": "",
            "price": "€10.30"
          },
          {
            "name": "A7 Vištų skrandelių užkandėle su aštriuoju padažu",
            "desc": "",
            "price": "€10.30"
          },
          {
            "name": "A8 Jautienos užkandėlė su specialiu aštriuoju padažu",
            "desc": "",
            "price": "€10.80"
          },
          {
            "name": "A9 Sojų mėsos salotos",
            "desc": "Sojų mėsa, morkos, agurkai, sojų makaronai",
            "price": "€9.80"
          },
          {
            "name": "A10 Vištienos salotos su daigintomis sojomis",
            "desc": "",
            "price": "€9.80"
          },
          {
            "name": "A11 Jūros gėrybių kokteilis mix",
            "desc": "",
            "price": "€12.30"
          },
          {
            "name": "A12 Gaiviosios salotos",
            "desc": "",
            "price": "€8.80"
          },
          {
            "name": "A13 Aštrios vištienos salotos",
            "desc": "",
            "price": "€10.30"
          },
          {
            "name": "A14 Triušiena su specialiu aštriuoju padažu",
            "desc": "",
            "price": "€14.30"
          },
          {
            "name": "A15 Fantastiško skonio vištienos salotos",
            "desc": "",
            "price": "€13.30"
          },
          {
            "name": "A16 Fantastiško skonio antienos salotos",
            "desc": "",
            "price": "€15.30"
          },
          {
            "name": "A18 Fantastiško skonio triušienos salotos",
            "desc": "",
            "price": "€15.30"
          },
          {
            "name": "A19 Kalmarų salotos su salierais",
            "desc": "",
            "price": "€13.30"
          },
          {
            "name": "A17 Fantastiško skonio kalakutienos salotos",
            "desc": "",
            "price": "€13.30"
          },
          {
            "name": "A20 Daržovių salotos su krevetėmis",
            "desc": "",
            "price": "€15.80"
          },
          {
            "name": "A21 Anakardžių riešutų salotos su salierais",
            "desc": "",
            "price": "€13.30"
          },
          {
            "name": "A22 Baltų ir juodų kiniškų grybų salotos",
            "desc": "",
            "price": "€13.30"
          },
          {
            "name": "A23 Vištienos salotos Dangaus rūmai",
            "desc": "",
            "price": "€13.30"
          },
          {
            "name": "A24 Sojų makaronų salotos Dangaus rūmai",
            "desc": "",
            "price": "€11.30"
          }
        ]
      },
      {
        "category": "Sriubos",
        "items": [
          {
            "name": "B1 Trijų komponentų",
            "desc": "Vištiena, krabų lazdelės, krevetės",
            "price": "€4.80"
          },
          {
            "name": "B2 Įvairių daržovių",
            "desc": "",
            "price": "€4.30"
          },
          {
            "name": "B3 Aštriarūgštė jūrų kopūstų",
            "desc": "",
            "price": "€5.30"
          },
          {
            "name": "B4 Aštriarūgštė kiaušinių",
            "desc": "",
            "price": "€4.80"
          },
          {
            "name": "B5 Aštriarūgštė kalmarų",
            "desc": "",
            "price": "€5.80"
          },
          {
            "name": "B6 Aštriarūgštė baltų grybų su vištiena",
            "desc": "",
            "price": "€5.30"
          },
          {
            "name": "B7 Jūrų gėrybių kokteilis su daržovėmis",
            "desc": "",
            "price": "€5.30"
          },
          {
            "name": "B8 Violetinių jūrų daržovių su moliuskais sriuba",
            "desc": "",
            "price": "€5.30"
          },
          {
            "name": "B9 Krabų lazdelių su bambukais ir grybais XIANGGU",
            "desc": "",
            "price": "€5.30"
          },
          {
            "name": "B10 Šonkaulių su grybais Xianggu sriuba",
            "desc": "",
            "price": "€5.80"
          },
          {
            "name": "B11 Jautienos sriuba Vakarų ežeras",
            "desc": "",
            "price": "€5.30"
          },
          {
            "name": "B12 Avienos sriuba su sojų makaronais",
            "desc": "",
            "price": "€5.30"
          },
          {
            "name": "B13 Antienos sriuba",
            "desc": "",
            "price": "€5.80"
          },
          {
            "name": "B14 Pekino sriuba",
            "desc": "",
            "price": "€5.30"
          },
          {
            "name": "B15 Kukuliukų Hun Dun sriuba",
            "desc": "",
            "price": "€5.30"
          },
          {
            "name": "B16 Vištienos su ženšeniu sriuba",
            "desc": "",
            "price": "€5.30"
          },
          {
            "name": "B17 Lašišų su ženšeniais sriuba moliniame inde",
            "desc": "",
            "price": "€7.80"
          },
          {
            "name": "B18 Ryklių pelekų su krevetėmis sriuba",
            "desc": "",
            "price": "€9.80"
          },
          {
            "name": "B19 Saldžių kukurūzų tiršta",
            "desc": "",
            "price": "€4.80"
          },
          {
            "name": "B20 Tofu sriuba su makaronais ir kiniškais kopūstais",
            "desc": "",
            "price": "€6.30"
          },
          {
            "name": "B21 Imbierinė jautienos sriuba",
            "desc": "",
            "price": "€5.80"
          },
          {
            "name": "B22 Karpio sriuba su bambukais ir XIANGGU grybais",
            "desc": "",
            "price": "€5.80"
          }
        ]
      },
      {
        "category": "Daržovių patiekalai",
        "items": [
          {
            "name": "C1 Keptos daržovės",
            "desc": "",
            "price": "€12.80"
          },
          {
            "name": "C2 Švelniai keptos daržovės",
            "desc": "",
            "price": "€13.30"
          },
          {
            "name": "C3 Naminio skonio tofu sūris",
            "desc": "",
            "price": "€16.30"
          },
          {
            "name": "C4 Sezoninės daržovės moliuskų padaže",
            "desc": "",
            "price": "€13.80"
          },
          {
            "name": "C5 Brokoliai su česnakais",
            "desc": "",
            "price": "€15.80"
          },
          {
            "name": "C6 Kepti brokoliai su krabų lazdelėmis",
            "desc": "",
            "price": "€15.80"
          },
          {
            "name": "C7 Kepti brokoliai su kalmarais",
            "desc": "",
            "price": "€18.80"
          },
          {
            "name": "C8 Kepti brokoliai su jūrų gėrybėmis",
            "desc": "",
            "price": "€18.30"
          },
          {
            "name": "C9 Keptos sojų pupelės su kiauliena",
            "desc": "",
            "price": "€14.80"
          },
          {
            "name": "C10 Disanxian trijų daržovių troškinys",
            "desc": "Baklažanai, paprikos, bulvės",
            "price": "€14.80"
          },
          {
            "name": "C11 Grybai XIANGGU ir bambukai moliuskų padaže",
            "desc": "",
            "price": "€15.30"
          },
          {
            "name": "C12 Troškinti baklažanai sojų padaže",
            "desc": "",
            "price": "€16.30"
          },
          {
            "name": "C13 Žuvies skonio baklažanai (aštrūs)",
            "desc": "",
            "price": "€16.80"
          },
          {
            "name": "C14 Kepti baklažanai juodųjų sojų padaže",
            "desc": "",
            "price": "€16.80"
          },
          {
            "name": "C15 Grybai XIANGGU su kiniškais kopūstais",
            "desc": "",
            "price": "€13.30"
          },
          {
            "name": "C16 Juoda ir balta (juodieji kiniški grybai, kiniški kopūstai)",
            "desc": "",
            "price": "€16.30"
          },
          {
            "name": "C17 Kepti jūrų kopūstai su kiauliena",
            "desc": "",
            "price": "€16.30"
          },
          {
            "name": "C18 Žuvies skonio įdaryti baklažanai su mėsa",
            "desc": "",
            "price": "€18.80"
          },
          {
            "name": "C19 Įdaryti baklažanai karštoje metalinėje lėkštėje",
            "desc": "",
            "price": "€18.80"
          },
          {
            "name": "C20 Bifengtang baklažanai įdaryti mėsa",
            "desc": "",
            "price": "€18.80"
          },
          {
            "name": "C21 Žiediniai kopūstai su krevetėmis ir žirneliais",
            "desc": "",
            "price": "€16.30"
          }
        ]
      },
      {
        "category": "Kiaulienos patiekalai",
        "items": [
          {
            "name": "D1 Quizhou šonkauliukai",
            "desc": "",
            "price": "€13.80"
          },
          {
            "name": "D2 Šonkauliukai sojų padaže",
            "desc": "",
            "price": "€13.80"
          },
          {
            "name": "D3 Saldžiarūgščiai šonkauliai",
            "desc": "",
            "price": "€13.80"
          },
          {
            "name": "D4 Šičuano šonkauliai (aštrūs)",
            "desc": "",
            "price": "€13.80"
          },
          {
            "name": "D5 Kepti šonkauliukai juodųjų sojų padaže",
            "desc": "",
            "price": "€13.80"
          },
          {
            "name": "D6 Mingo šonkauliukai",
            "desc": "",
            "price": "€13.80"
          },
          {
            "name": "D7 Kepti kiaulienos šonkauliukai su česnakais",
            "desc": "",
            "price": "€14.80"
          },
          {
            "name": "D8 Pekino šonkauliai",
            "desc": "",
            "price": "€13.80"
          },
          {
            "name": "D9 Žuvies skonio šonkauliukai",
            "desc": "",
            "price": "€14.80"
          },
          {
            "name": "D10 Žuvies skonio kiauliena (aštri)",
            "desc": "",
            "price": "€14.30"
          },
          {
            "name": "D11 Gongbao kiaulienos gabaliukai (aštrūs)",
            "desc": "",
            "price": "€13.80"
          },
          {
            "name": "D12 Kiaulienos kepsneliai pomidorų padaže",
            "desc": "",
            "price": "€13.80"
          },
          {
            "name": "D13 Kiaulienos kepsneliai moliuskų padaže",
            "desc": "",
            "price": "€13.80"
          },
          {
            "name": "D14 Kiaulienos gabaliukai kario padaže",
            "desc": "",
            "price": "€13.80"
          },
          {
            "name": "D15 Kiaulienos kepsneliai aluje",
            "desc": "",
            "price": "€13.80"
          },
          {
            "name": "D16 Kiaulienos kepsneliai su ananasais",
            "desc": "",
            "price": "€13.30"
          },
          {
            "name": "D17 Kiaulienos kepsneliai su česnakais",
            "desc": "",
            "price": "€14.80"
          },
          {
            "name": "D18 Kiaulienos kepsneliai su pievagrybiais",
            "desc": "",
            "price": "€14.80"
          },
          {
            "name": "D19 Kiauliena su bambukais ir Xianggu grybais",
            "desc": "",
            "price": "€14.80"
          },
          {
            "name": "D20 Gulao kiaulienos gabaliukai (pomidorų padaže)",
            "desc": "",
            "price": "€14.80"
          },
          {
            "name": "D21 Guabao kiaulienos gabaliukai (saldžiarūgščiai)",
            "desc": "",
            "price": "€14.80"
          },
          {
            "name": "D22 Kiauliena karštoje metalinėje lėkštėje",
            "desc": "",
            "price": "€15.80"
          },
          {
            "name": "D23 Čili kiaulienos kepsneliai",
            "desc": "",
            "price": "€16.80"
          },
          {
            "name": "D25 Kiauliena su šviežiomis daigintomis sojomis",
            "desc": "",
            "price": "€14.30"
          },
          {
            "name": "D26 Kiaulienos kepsneliai su svogūnais",
            "desc": "",
            "price": "€12.80"
          },
          {
            "name": "D27 Kepta kiauliena su bulvėmis sojų padaže",
            "desc": "",
            "price": "€13.80"
          },
          {
            "name": "D28 Kiaulienos kepsneliai su daržovėmis",
            "desc": "",
            "price": "€13.80"
          },
          {
            "name": "D29 Kepta Pekino kiauliena sojų padaže",
            "desc": "",
            "price": "€14.30"
          },
          {
            "name": "D30 Kepta kiauliena su kiniškais kopūstais",
            "desc": "",
            "price": "€13.80"
          },
          {
            "name": "D31 Skrudinta kiauliena su sezamais",
            "desc": "",
            "price": "€15.80"
          },
          {
            "name": "D32 Kepta kiauliena su imbierais",
            "desc": "",
            "price": "€15.80"
          },
          {
            "name": "D33 Kiaulienos kepsnys Ant ugnikalnio akmenų",
            "desc": "",
            "price": "€15.80"
          }
        ]
      },
      {
        "category": "Avienos patiekalai",
        "items": [
          {
            "name": "F1 Avienos kepsneliai su bulvėmis sojų padaže",
            "desc": "",
            "price": "€21.30"
          },
          {
            "name": "F2 Avienos kepsneliai su porais",
            "desc": "",
            "price": "€21.30"
          },
          {
            "name": "F3 Avienos kepsneliai kario padaže",
            "desc": "",
            "price": "€21.30"
          },
          {
            "name": "F4 Avienos kepsneliai moliuskų padaže",
            "desc": "",
            "price": "€21.30"
          },
          {
            "name": "F5 Avienos kepsneliai česnakų padaže",
            "desc": "",
            "price": "€21.30"
          },
          {
            "name": "F6 Greitai paruošti avienos kepsneliai",
            "desc": "",
            "price": "€21.30"
          },
          {
            "name": "F7 Aštrūs avienos kepsneliai",
            "desc": "",
            "price": "€21.30"
          },
          {
            "name": "F8 Ziran avienos gabaliukai",
            "desc": "",
            "price": "€22.30"
          },
          {
            "name": "F9 Avienos kepsneliai su daržovėmis",
            "desc": "",
            "price": "€21.30"
          },
          {
            "name": "F10 Aviena su bambukais ir grybais XIANGGU",
            "desc": "",
            "price": "€22.30"
          },
          {
            "name": "F11 Aviena karštoje metalinėje lėkštėje",
            "desc": "",
            "price": "€23.30"
          },
          {
            "name": "F13 Pekino avienos kepsneliai sojų padaže",
            "desc": "",
            "price": "€22.30"
          },
          {
            "name": "F14 Čili avienos gabaliukai",
            "desc": "",
            "price": "€23.30"
          },
          {
            "name": "F15 Kepta aviena su imbierais",
            "desc": "",
            "price": "€22.30"
          }
        ]
      },
      {
        "category": "Triušienos patiekalai",
        "items": [
          {
            "name": "G1 Triušiena su bulvėmis sojų padaže",
            "desc": "",
            "price": "€17.80"
          },
          {
            "name": "G2 GONGBAO triušienos kubeliai ( aštrūs )",
            "desc": "",
            "price": "€18.30"
          },
          {
            "name": "G3 Žuvies skonio triušienos gabaliukai ( aštrūs )",
            "desc": "",
            "price": "€19.30"
          },
          {
            "name": "G4 Triušienos gabaliukai kario padaže",
            "desc": "",
            "price": "€17.80"
          },
          {
            "name": "G5 Triušienos gabaliukai moliuskų padaže",
            "desc": "",
            "price": "€19.30"
          },
          {
            "name": "G6 Triušienos kepsneliai su porais",
            "desc": "",
            "price": "€18.80"
          },
          {
            "name": "G7 Triušienos kepsneliai juodųjų sojų padaže",
            "desc": "",
            "price": "€18.80"
          },
          {
            "name": "G8 QUIZHOU triušienos gabaliukai",
            "desc": "",
            "price": "€18.80"
          },
          {
            "name": "G9 Triušienos kepsneliai su daržovėmis",
            "desc": "",
            "price": "€17.80"
          },
          {
            "name": "G10 Triušiena su bambukais ir grybais XIANGGU",
            "desc": "",
            "price": "€19.30"
          },
          {
            "name": "G11 Triušiena karštoje metalinėje lėkštėje",
            "desc": "",
            "price": "€19.30"
          },
          {
            "name": "G12 Aštrūs triušienos gabaliukai",
            "desc": "",
            "price": "€19.30"
          }
        ]
      },
      {
        "category": "Vištienos patiekalai",
        "items": [
          {
            "name": "H1 Guifei sparneliai",
            "desc": "",
            "price": "€13.30"
          },
          {
            "name": "H2 Aromatingi traškūs vištų sparneliai",
            "desc": "",
            "price": "€14.30"
          },
          {
            "name": "H3 Aromatinga traškioji vištos kulšelė",
            "desc": "",
            "price": "€13.30"
          },
          {
            "name": "H4 Pekino vištos kulšelė sojų padaže",
            "desc": "",
            "price": "€13.30"
          },
          {
            "name": "H6 Vištienos gabaliukai su pievagrybiais",
            "desc": "",
            "price": "€13.80"
          },
          {
            "name": "H7 Vištiena su ananasais",
            "desc": "",
            "price": "€14.30"
          },
          {
            "name": "H8 Gongbao vištienos kubeliai (aštrūs)",
            "desc": "",
            "price": "€14.30"
          },
          {
            "name": "H9 Vištienos gabaliukai kario padaže",
            "desc": "",
            "price": "€13.80"
          },
          {
            "name": "H10 Vištienos kepsneliai moliuskų padaže",
            "desc": "",
            "price": "€14.80"
          },
          {
            "name": "H11 Vištienos kepsneliai pomidorų padaže",
            "desc": "",
            "price": "€14.80"
          },
          {
            "name": "H12 Zhaoyuan vištiena (aštri)",
            "desc": "",
            "price": "€14.80"
          },
          {
            "name": "H13 Quizhou vištiena (aštri)",
            "desc": "",
            "price": "€14.80"
          },
          {
            "name": "H14 Daugiaspalvės vištienos gabaliukai",
            "desc": "",
            "price": "€14.80"
          },
          {
            "name": "H15 Kepta vištiena su sojos makaronais",
            "desc": "",
            "price": "€13.80"
          },
          {
            "name": "H16 Kepta vištiena su sezamais",
            "desc": "",
            "price": "€15.80"
          },
          {
            "name": "H17 Žuvies skonio vištienos gabaliukai (saldžiarūgščiai aštrūs)",
            "desc": "",
            "price": "€14.80"
          },
          {
            "name": "H18 Vištiena su bambulais ir grybais Xianggu",
            "desc": "",
            "price": "€15.80"
          },
          {
            "name": "H19 Vištienos Vyšnaitės (pomidorų padaže)",
            "desc": "",
            "price": "€15.80"
          },
          {
            "name": "H20 Guabao vištienos gabaliukai (saldžiai rūgštūs)",
            "desc": "",
            "price": "€15.80"
          },
          {
            "name": "H21 Vištiena karštoje metalinėje lėkštėje",
            "desc": "",
            "price": "€16.30"
          },
          {
            "name": "H22 Čili vištienos kepsneliai",
            "desc": "",
            "price": "€16.80"
          },
          {
            "name": "H23 Vištienos gabaliukai su daržovėmis",
            "desc": "",
            "price": "€14.30"
          },
          {
            "name": "H25 Pekino vištienos gabaliukai sojų padaže",
            "desc": "",
            "price": "€14.80"
          },
          {
            "name": "H26 Vištienos kepsnys Ant ugnikalnio akmenų",
            "desc": "",
            "price": "€16.30"
          },
          {
            "name": "H27 Ugninė vištiena",
            "desc": "",
            "price": "€15.80"
          }
        ]
      },
      {
        "category": "Jautienos patiekalai",
        "items": [
          {
            "name": "E1 Jautienos kepsneliai su bulvėmis sojų padaže",
            "desc": "",
            "price": "€17.80"
          },
          {
            "name": "E2 Sičuano jautienos kepsneliai",
            "desc": "",
            "price": "€19.30"
          },
          {
            "name": "E3 Žuvies skonio jautienos juostelės (aštrios)",
            "desc": "",
            "price": "€19.80"
          },
          {
            "name": "E4 Jautienos kepsneliai moliuskų padaže",
            "desc": "",
            "price": "€18.80"
          },
          {
            "name": "E5 Jautienos kepsneliai kario padaže",
            "desc": "",
            "price": "€18.30"
          },
          {
            "name": "E6 Jautienos kepsneliai su svogūnais",
            "desc": "",
            "price": "€17.80"
          },
          {
            "name": "E7 Kepta jautiena su pomidorais",
            "desc": "",
            "price": "€18.80"
          },
          {
            "name": "E8 Gongbao jautienos kubeliai",
            "desc": "",
            "price": "€19.30"
          },
          {
            "name": "E9 Jautienos kepsneliai česnakų padaže",
            "desc": "",
            "price": "€18.80"
          },
          {
            "name": "E10 Zran jautienos gabaliukai",
            "desc": "",
            "price": "€19.30"
          },
          {
            "name": "E11 Kepta jautiena su juodaisiais pipirais",
            "desc": "",
            "price": "€18.80"
          },
          {
            "name": "E12 Jautienos troškinys su porais",
            "desc": "",
            "price": "€18.80"
          },
          {
            "name": "E13 Čili jautienos gabaliukai",
            "desc": "",
            "price": "€20.30"
          },
          {
            "name": "E14 Jautienos gabaliukai su pievagrybiais",
            "desc": "",
            "price": "€18.30"
          },
          {
            "name": "E15 Yanjian jautiena",
            "desc": "",
            "price": "€18.80"
          },
          {
            "name": "E16 Jautienos kepsneliai juodųjų sojų padaže",
            "desc": "",
            "price": "€18.80"
          },
          {
            "name": "E17 Skrudinti jautienos kepsneliai su sezamais",
            "desc": "",
            "price": "€20.30"
          },
          {
            "name": "E18 Jautiena su bambukais ir Xianggu grybais",
            "desc": "",
            "price": "€19.80"
          },
          {
            "name": "E19 Pekino jautienos kepsneliai",
            "desc": "",
            "price": "€18.80"
          },
          {
            "name": "E20 Guabao jautienos gabaliukai (saldžiai rūgštūs)",
            "desc": "",
            "price": "€19.80"
          },
          {
            "name": "E21 Šača jautienos gabaliukai (aštrūs)",
            "desc": "",
            "price": "€19.30"
          },
          {
            "name": "E22 Jautienos kepsneliai karštoje metalinėje lėkštėje",
            "desc": "",
            "price": "€19.30"
          },
          {
            "name": "E23 Kepta Pekino jautiena sojų padaže",
            "desc": "",
            "price": "€19.30"
          },
          {
            "name": "E24 Kepta jautiena su daržovėmis",
            "desc": "",
            "price": "€18.30"
          },
          {
            "name": "E26 Jautienos kepsnys Ant ugnikalio akmenų",
            "desc": "",
            "price": "€20.30"
          }
        ]
      },
      {
        "category": "Kalakutienos patiekalai",
        "items": [
          {
            "name": "J1 Kalakutiena su bulvėmis sojų padaže",
            "desc": "",
            "price": "€12.30"
          },
          {
            "name": "J2 Žuvies skonio kalakutienos gabaliukai (aštrūs)",
            "desc": "",
            "price": "€14.30"
          },
          {
            "name": "J3 Gongbao kalakutienos gabaliukai (aštrūs)",
            "desc": "",
            "price": "€13.80"
          },
          {
            "name": "J4 Kalakutienos gabaliukai kario padaže",
            "desc": "",
            "price": "€13.30"
          },
          {
            "name": "J5 Kalakutienos kepsneliai moliuskų padaže",
            "desc": "",
            "price": "€13.30"
          },
          {
            "name": "J7 Kalakutiena su bambukais ir kiniškais grybais Xianggu",
            "desc": "",
            "price": "€15.30"
          },
          {
            "name": "J6 Kalakutienos gabaliukai su pievagrybiais",
            "desc": "",
            "price": "€13.30"
          },
          {
            "name": "J8 Guabao kalakutienos gabaliukai (saldžiai rūgštūs)",
            "desc": "",
            "price": "€14.30"
          },
          {
            "name": "J9 Aštriai paruošti kalakutienos gabaliukai",
            "desc": "",
            "price": "€16.30"
          },
          {
            "name": "J10 Kalakutiena karštoje metalinėje lėkštėje",
            "desc": "",
            "price": "€16.30"
          },
          {
            "name": "J11 Greitai paruošti kalakutienos kepsneliai su porais",
            "desc": "",
            "price": "€13.80"
          },
          {
            "name": "J12 Kalakutiena Pekino sojų padaže",
            "desc": "",
            "price": "€14.30"
          },
          {
            "name": "J13 Čili kalakutienos kepsneliai",
            "desc": "",
            "price": "€14.80"
          },
          {
            "name": "J14 Kalakutienos kepsneliai su daržovėmis",
            "desc": "",
            "price": "€14.30"
          },
          {
            "name": "J16 Kalakutienos kepsnys Ant ugnikalnio akmenų",
            "desc": "",
            "price": "€16.30"
          }
        ]
      },
      {
        "category": "Antienos patiekalai",
        "items": [
          {
            "name": "K1 Antienos kepsneliai su daržovėmis",
            "desc": "",
            "price": "€16.30"
          },
          {
            "name": "K2 Aromatingieji traškūs antienos kepsneliai",
            "desc": "",
            "price": "€19.30"
          },
          {
            "name": "K3 Antienos kubeliai su bulvėmis sojų padaže",
            "desc": "",
            "price": "€16.30"
          },
          {
            "name": "K4 Aštri antis",
            "desc": "",
            "price": "€16.30"
          },
          {
            "name": "K5 Antienos kepsneliai su ananasais",
            "desc": "",
            "price": "€16.30"
          },
          {
            "name": "K6 Antienos kepsneliai su apelsinais",
            "desc": "",
            "price": "€16.30"
          },
          {
            "name": "K7 Antienos kepsneliai kario padaže",
            "desc": "",
            "price": "€16.30"
          },
          {
            "name": "K8 Antienos kepsneliai moliuskų padaže",
            "desc": "",
            "price": "€16.30"
          },
          {
            "name": "K9 Aluje troškinti antienos gabaliukai",
            "desc": "",
            "price": "€16.30"
          },
          {
            "name": "K10 Antienos kepsneliai juodųjų sojų padaže",
            "desc": "",
            "price": "€16.30"
          },
          {
            "name": "K11 Quizhou antienos gabaliukai",
            "desc": "",
            "price": "€16.30"
          },
          {
            "name": "K12 Antienos kepsneliai karštoje metalinėje lėkštėje",
            "desc": "",
            "price": "€17.30"
          },
          {
            "name": "K13 Šača antienos gabaliukai",
            "desc": "",
            "price": "€17.30"
          },
          {
            "name": "K14 Šanchajaus antienos kepsneliai",
            "desc": "",
            "price": "€20.30"
          },
          {
            "name": "K16 Žuvies skonio antienos kepsneliai (saldžiarūgščiai aštrūs)",
            "desc": "",
            "price": "€19.30"
          }
        ]
      },
      {
        "category": "Žuvų patiekalai",
        "items": [
          {
            "name": "M1 Jūros lydekos kepsneliai",
            "desc": "",
            "price": "€10.30"
          },
          {
            "name": "M2 Jūros lydeka pomidorų padaže",
            "desc": "",
            "price": "€10.80"
          },
          {
            "name": "M3 Gonbao jūros lydeka",
            "desc": "",
            "price": "€11.30"
          },
          {
            "name": "M4 Aštri jūros lydeka",
            "desc": "",
            "price": "€12.30"
          },
          {
            "name": "M5 Jūros lydeka su česnakais",
            "desc": "",
            "price": "€12.30"
          },
          {
            "name": "M6 Jūros lydeka saldžiarūgščiai aštriame padaže",
            "desc": "",
            "price": "€12.30"
          },
          {
            "name": "M7 Jūros lydeka su daržovėmis",
            "desc": "",
            "price": "€11.30"
          },
          {
            "name": "M8 Keptas karpis su aštriuoju padažu",
            "desc": "",
            "price": "€12.80"
          },
          {
            "name": "M9 Traški jūros lydeka",
            "desc": "",
            "price": "€11.80"
          },
          {
            "name": "M10 Guabao karpių gabaliukai (saldžiai rūgštūs)",
            "desc": "",
            "price": "€14.80"
          },
          {
            "name": "M11 Greitieji karpių kepsneliai su porais",
            "desc": "",
            "price": "€13.30"
          },
          {
            "name": "M12 Karpis saldžiarūgščiai aštriame padaže",
            "desc": "",
            "price": "€14.30"
          },
          {
            "name": "M13 Jūrų lydekos kepsneliai sojų padaže",
            "desc": "",
            "price": "€12.30"
          },
          {
            "name": "M14 Jūrų lydekos su bambukais ir grybais Xianggu",
            "desc": "",
            "price": "€13.30"
          },
          {
            "name": "M15 Keptas sterkas su porais ir česnakais",
            "desc": "",
            "price": "€17.30"
          },
          {
            "name": "M16 Keptas sterkas sojų padaže",
            "desc": "",
            "price": "€17.30"
          },
          {
            "name": "M17 Karpis Voveraitė (pomidorų padaže)",
            "desc": "",
            "price": "€21.30"
          },
          {
            "name": "M18 Karpis Chrizantema (pomidorų padaže)",
            "desc": "",
            "price": "€21.80"
          },
          {
            "name": "M19 Dvejopo skonio karpis",
            "desc": "",
            "price": "€23.30"
          },
          {
            "name": "M20 Keturių skonių karpis",
            "desc": "",
            "price": "€24.30"
          },
          {
            "name": "M21 Keptas otas aštriame padaže",
            "desc": "",
            "price": "€22.30"
          },
          {
            "name": "M22 Šiaurinės Kinijos naminis karpis",
            "desc": "",
            "price": "€22.30"
          },
          {
            "name": "M23 Otas specialiame padaže su česnakais ir imbieru",
            "desc": "",
            "price": "€22.30"
          }
        ]
      },
      {
        "category": "Krevečių patiekalai",
        "items": [
          {
            "name": "P1 Gongbao krevetės (aštrios)",
            "desc": "",
            "price": "€16.30"
          },
          {
            "name": "P2 Keptos krevetės su vištiena ir anakardžių riešutais",
            "desc": "",
            "price": "€16.30"
          },
          {
            "name": "P3 Žuvų skonio krevetės (aštrios)",
            "desc": "",
            "price": "€15.30"
          },
          {
            "name": "P4 Švelniai keptos krevetės",
            "desc": "",
            "price": "€15.30"
          },
          {
            "name": "P5 Keptos krevetės pomidorų padaže",
            "desc": "",
            "price": "€15.30"
          },
          {
            "name": "P6 Krevetės kario padaže",
            "desc": "",
            "price": "€15.30"
          },
          {
            "name": "P7 Keptos krevetės su vaisiais",
            "desc": "",
            "price": "€15.30"
          },
          {
            "name": "P8 Greitai paruoštos krevetės",
            "desc": "",
            "price": "€15.30"
          },
          {
            "name": "P9 Krevetės karštoje metalinėje lėkštėje",
            "desc": "",
            "price": "€17.30"
          },
          {
            "name": "P10 Keptos didelės krevetės pomidorų padaže",
            "desc": "",
            "price": "€22.80"
          },
          {
            "name": "P11 Saldžiarūgštės didelės krevetės",
            "desc": "",
            "price": "€24.30"
          },
          {
            "name": "P12 Gongbao didelės krevetės (aštrios)",
            "desc": "",
            "price": "€23.30"
          },
          {
            "name": "P13 Jiaoyan didelės krevetės",
            "desc": "",
            "price": "€24.30"
          },
          {
            "name": "P14 Didelės krevetės karštoje metalinėje lėkštėje",
            "desc": "",
            "price": "€25.30"
          },
          {
            "name": "P15 Bifengtang krevetės",
            "desc": "",
            "price": "€26.30"
          }
        ]
      },
      {
        "category": "Jūros gėrybių patiekalai",
        "items": [
          {
            "name": "R1 Aštrus jūros gėrybių kokteilis",
            "desc": "",
            "price": "€13.80"
          },
          {
            "name": "R2 Jūrų gėrybės su pievagrybiais",
            "desc": "",
            "price": "€13.80"
          },
          {
            "name": "R3 Keptos jūrų gėrybės",
            "desc": "",
            "price": "€14.30"
          },
          {
            "name": "R4 Jūrų gėrybės karštoje metalinėje lėkštėje",
            "desc": "",
            "price": "€15.80"
          },
          {
            "name": "R5 Jūrų gėrybės su bambukais ir grybais Xianggu",
            "desc": "",
            "price": "€15.80"
          },
          {
            "name": "R6 Jūrų gėrybės su daržovėmis",
            "desc": "",
            "price": "€13.80"
          },
          {
            "name": "R8 Jūrų gėrybės Ant ugnikalnio akmenų",
            "desc": "",
            "price": "€15.30"
          },
          {
            "name": "R9 Kepti kalmarai su grybais ir bambukais",
            "desc": "",
            "price": "€14.30"
          },
          {
            "name": "R10 Švelniai troškinti kalmarai",
            "desc": "",
            "price": "€13.80"
          },
          {
            "name": "R11 Kepti kalmarai su ananasais",
            "desc": "",
            "price": "€14.80"
          },
          {
            "name": "R12 Kepti kalmarai moliuskų padaže",
            "desc": "",
            "price": "€15.30"
          },
          {
            "name": "R13 Kepti kalmarai su česnakais",
            "desc": "",
            "price": "€14.30"
          },
          {
            "name": "R14 Kepti kalmarai karštoje metalinėje lėkštėje",
            "desc": "",
            "price": "€15.80"
          },
          {
            "name": "R15 Kalmarai su daržovėmis",
            "desc": "",
            "price": "€14.30"
          },
          {
            "name": "R16 Kalmarai su salierais ir anakardžių riešutais",
            "desc": "",
            "price": "€14.80"
          },
          {
            "name": "R17 Žiedo formos kalmarai",
            "desc": "",
            "price": "€16.80"
          },
          {
            "name": "R18 Kepti maži aštuonkojai su porais",
            "desc": "",
            "price": "€16.30"
          },
          {
            "name": "R25 Kepti žalieji moliuskai su porais ir imbierais",
            "desc": "",
            "price": "€13.80"
          },
          {
            "name": "R26 Garuose paruošti žalieji moliuskai su česnakais",
            "desc": "",
            "price": "€13.80"
          },
          {
            "name": "R27 Garuose paruošti žalieji moliuskai juodųjų sojų padaže",
            "desc": "",
            "price": "€13.80"
          },
          {
            "name": "R28 Kalmarai su salierais",
            "desc": "",
            "price": "€14.30"
          }
        ]
      },
      {
        "category": "Varlių, sraigių pateikalai",
        "items": [
          {
            "name": "U1 Keptos varlių šlaunelės su daržovėmis (5 vnt.)",
            "desc": "",
            "price": "€19.30"
          },
          {
            "name": "U2 Keptos varlių šlaunelės su grybais Xianggu",
            "desc": "",
            "price": "€19.80"
          },
          {
            "name": "U3 Keptos varlių šlaunelės Jiaoyan",
            "desc": "",
            "price": "€19.30"
          },
          {
            "name": "U4 Aromatingos traškančios varlių šlaunelės",
            "desc": "",
            "price": "€19.80"
          },
          {
            "name": "U5 Keptos varlių šlaunelės sojų padaže",
            "desc": "",
            "price": "€18.80"
          },
          {
            "name": "U6 Aštrios varlių šlaunelės",
            "desc": "",
            "price": "€18.80"
          },
          {
            "name": "U7 Varlių šlaunelės karštoje metalinėje lėkštėje",
            "desc": "",
            "price": "€19.30"
          },
          {
            "name": "U8 Garuose paruoštos sraigės",
            "desc": "",
            "price": "€16.80"
          }
        ]
      },
      {
        "category": "Kiti patiekalai",
        "items": [
          {
            "name": "Z1 Virti ryžiai",
            "desc": "",
            "price": "€2.00"
          },
          {
            "name": "Z2 Kepti ryžiai su kiaušiniais",
            "desc": "",
            "price": "€2.80"
          },
          {
            "name": "Z3 Kepti ryžiai su daržovėmis ir kiaušiniu",
            "desc": "",
            "price": "€3.30"
          },
          {
            "name": "Z4 Kepti ryžiai su krevetėmis",
            "desc": "",
            "price": "€4.10"
          },
          {
            "name": "Z5 YANGZHOU ryžiai",
            "desc": "",
            "price": "€4.10"
          },
          {
            "name": "Z6 Kepti ryžiai su kario padažu",
            "desc": "",
            "price": "€4.10"
          },
          {
            "name": "Z7 Kepti ryžiai su jautiena",
            "desc": "",
            "price": "€4.10"
          },
          {
            "name": "Z8 Virti koldūnai su kiaulienos ir jautienos įdaru ( rankų darbo)",
            "desc": "",
            "price": "€10.30"
          },
          {
            "name": "Z9 Kepti koldūnai su kiaulienos ir jautienos įdarų (rankų darbo)",
            "desc": "",
            "price": "€10.80"
          },
          {
            "name": "Z10 Skrudinti koldūnai su kiaulienos ir jautienos įdaru(rankų darbo)",
            "desc": "",
            "price": "€10.80"
          },
          {
            "name": "Z12 Spring rolls su daržovėmis",
            "desc": "",
            "price": "€8.30"
          },
          {
            "name": "Z13 Kepti kiniški makaronai su mėsa",
            "desc": "",
            "price": "€11.30"
          }
        ]
      },
      {
        "category": "Padažai",
        "items": [
          {
            "name": "Y1 Sojų ir česnakų padažas",
            "desc": "",
            "price": "€1.90"
          },
          {
            "name": "Y2 Pekino sojų padažas",
            "desc": "",
            "price": "€1.90"
          },
          {
            "name": "Y3 Saldžiarūgštis pomidorų padažas",
            "desc": "",
            "price": "€1.90"
          },
          {
            "name": "Y4 Guabao padažas (saldžiai rūgštus)",
            "desc": "",
            "price": "€1.90"
          },
          {
            "name": "Y5 Žuvies skonio padažas (saldžiarūgščiai aštrus)",
            "desc": "",
            "price": "€1.90"
          },
          {
            "name": "Y6 Čili padažas (aštrus)",
            "desc": "",
            "price": "€1.90"
          },
          {
            "name": "Y7 Česnakinis padažas su čili paprikomis (aštrus)",
            "desc": "",
            "price": "€1.90"
          },
          {
            "name": "Y8 Lao gauma juodųjų sojų padažas",
            "desc": "",
            "price": "€1.90"
          }
        ]
      },
      {
        "category": "Gėrimai",
        "items": [
          {
            "name": "Perrier gazuotas 0,33 l",
            "desc": "",
            "price": "€2.00"
          },
          {
            "name": "Sprite 0,25 l",
            "desc": "",
            "price": "€2.50"
          },
          {
            "name": "Fanta 0,25 l",
            "desc": "",
            "price": "€2.50"
          },
          {
            "name": "Nealkoholinis alus Kronenbourg Blanc 0,33 l",
            "desc": "",
            "price": "€2.50"
          },
          {
            "name": "Nealkoholinis alus Calsberg 0,33 l",
            "desc": "",
            "price": "€2.50"
          },
          {
            "name": "Nealkoholinis putojantis vynas Freixenet 0,2 l",
            "desc": "",
            "price": "€6.00"
          },
          {
            "name": "Žaliosios arbatos gėrimas su medumi Arizona 0,45 l",
            "desc": "",
            "price": "€3.00"
          },
          {
            "name": "Baltosios arbatos gėrimas su mėlynėmis ir kriaušėmis Arizona 0,45 l",
            "desc": "",
            "price": "€3.00"
          },
          {
            "name": "Tonic Water 0,25 l",
            "desc": "",
            "price": "€2.00"
          },
          {
            "name": "Pomidorų sultys 1 l",
            "desc": "",
            "price": "€10.00"
          },
          {
            "name": "Multivitaminų sultys 1 l",
            "desc": "",
            "price": "€10.00"
          }
        ]
      }
    ]
  },
  {
    "address": "Pylimo g. 27",
    "location": [
      25.2796416,
      54.6777136
    ],
    "name": "Mažoji Himalaja  (Momo & Tandoori)",
    "short_description": "Išskirtinis nepalietiškas maistas",
    "id": "mazoji-himalaja-momo-tandoori",
    "tags": [
      "Indiška"
    ],
    "distance": "0.4 km",
    "duration": 6,
    "menu": [
      {
        "category": "Įrankiai🍴",
        "items": [
          {
            "name": "Vienkartiniai įrankiai",
            "desc": "Šakutė, peilis ir šaukštas",
            "price": "€0.50"
          }
        ]
      },
      {
        "category": "Pagrindiniai patiekalai",
        "items": [
          {
            "name": "Panyro tikka 🌶️",
            "desc": "Panyro sūrio gabalėliai kepti tandoori krosnyje, marinuoti gausiame prieskonių marinate su jogurtu. Patiekiama su česnakine duonele, šviežiomis salotomis ir pasirinktu padažu",
            "price": "€10.30"
          },
          {
            "name": "Panyro malai tikka",
            "desc": "Panyro sūrio gabalėliai kepti tandoori krosnyje, marinuoti grietinėlės, sviesto anakardžių riešutų pastos marinate su trupučiu prieskonių ir jogurto. Patiekiama su česnakine duonele, šviežiomis salotomis ir pasirinktu padažu",
            "price": "€10.30"
          },
          {
            "name": "Vištienos tikka 🌶️",
            "desc": "Vištiena kepta tandoori krosnyje, marinuota gausiame prieskonių marinate su jogurtu. Patiekiama su česnakine duonele, šviežiomis salotomis ir pasirinktu padažu",
            "price": "€10.30"
          },
          {
            "name": "Vištienos malai tikka",
            "desc": "Vištiena kepta tandoori krosnyje, marinuota grietinėlės, sviesto anakardžių riešutų pastos marinate su trupučiu prieskonių ir jogurto. Patiekiama su česnakine duonele, šviežiomis salotomis ir pasirinktu padažu",
            "price": "€10.30"
          },
          {
            "name": "Nepalietiška vištienos sekuwa 🌶️🌶️",
            "desc": "Vištienos gabaliukai kepti tandoori krosnyje, marinuoti su Himalajų žolelėmis ir ypatingais šefo prieskoniais. Patiekiama su česnakine duonele, šviežiomis salotomis ir pasirinktu padažu",
            "price": "€11.30"
          },
          {
            "name": "Nepalietiška ėrienos sekuwa 🌶️🌶️",
            "desc": "Ėrienos gabaliukai kepti tandoori krosnyje, marinuoti su Himalajų žolelėmis ir ypatingais šefo prieskoniais. Patiekiama su česnakine duonele, šviežiomis salotomis ir pasirinktu padažu",
            "price": "€16.30"
          },
          {
            "name": "Tandoori krosnyje kepta žuvis",
            "desc": "Tandoori krosnyje kepta dorada, marinuota nepalietiškomis žolelėmis. Patiekiama su basmati ryžiais ir žaliųjų citrinų, sviesto ir grietinėlės padažu",
            "price": "€16.80"
          }
        ]
      },
      {
        "category": "Kariai",
        "items": [
          {
            "name": "Paneer masala",
            "desc": "Aromatingas panyro sūrio troškinys su pomidorais, svogūnais ir imbieru",
            "price": "€10.30"
          },
          {
            "name": "Butter chicken",
            "desc": "Vištienos krūtinėlė sviesto, grietinėlės, pomidorų ir svogūnų padaže",
            "price": "€10.80"
          },
          {
            "name": "Daržovių masala curry (vegan)",
            "desc": "Cukinijos, baklažanų, paprikų, žiedinių kopūstų, šviežių pomidorų kubeliai svogūnų, imbierų, česnakų, šviežios kalendros, pomidorų ir indiškų prieskonių padaže",
            "price": "€9.30"
          },
          {
            "name": "Paneer ir daržovių masala curry",
            "desc": "Panyro sūrio, cukinijos, baklažanų, paprikų, žiedinių kopūstų, šviežių pomidorų kubeliai svogūnų, imbierų, česnakų, šviežios kalendros, pomidorų ir indiškų prieskonių padaže",
            "price": "€10.30"
          },
          {
            "name": "Vištienos tikka masala",
            "desc": "Vištienos krūtinėlė aromatingame pomidorų padaže",
            "price": "€10.80"
          }
        ]
      },
      {
        "category": "Momo",
        "items": [
          {
            "name": "Ėrienos momo",
            "desc": "Garuose virti koldūnai su ėrienos įdaru. Įdaras pagardintas svogūnais, imbiero, žaliojo čili ir česnako pasta, žolelėmis, sojos padažu ir ypatingais momo prieskoniais",
            "price": "€12.30"
          },
          {
            "name": "Panyro momo",
            "desc": "Garuose virti koldūnai, įdaryti panyro sūriu. Įdaras pagardintas svogūnais, imbiero ir česnako pasta, žolelėmis, sojos padažu ir ypatingais momo prieskoniais",
            "price": "€10.30"
          },
          {
            "name": "Vištienos momo (jhol) 🌶️",
            "desc": "Patiekiami su prieskoningu ir aromatingu vištienos sultiniu",
            "price": "€10.80"
          },
          {
            "name": "Vištienos momo",
            "desc": "Garuose virti koldūnai su vištienos įdaru. Įdaras pagardintas svogūnais, imbiero ir česnako pasta, žolelėmis, sojos padažu ir ypatingais momo prieskoniais",
            "price": "€10.30"
          },
          {
            "name": "Daržovių momo",
            "desc": "Garuose virti koldūnai su įvairių daržovių (kopūstų, morkų, cukinijų, brokolių, žiedinių kopūstų, laiškinių svogūnų) įdaru, pagardintu imbiero ir česnako pasta, žolelėmis, sojos padažu ir ypatingais momo prieskoniais",
            "price": "€9.30"
          },
          {
            "name": "Ėrienos momo (jhol) 🌶️",
            "desc": "Ėrienos momo, patiekiami su prieskoningu ir aromatingu ėrienos sultiniu",
            "price": "€12.80"
          }
        ]
      },
      {
        "category": "Papildomi garnyrai",
        "items": [
          {
            "name": "Šviežia naan duonelė, kepta tandoori krosnyje",
            "desc": "Su česnaku, su sviestu, su sezamu arba veganiška",
            "price": "€2.30"
          },
          {
            "name": "Basmati ryžiai",
            "desc": "",
            "price": "€3.30"
          },
          {
            "name": "Aloo paratha",
            "desc": "Kvietinių miltų duonelė, kepta tandoori krosnyje, įdaryta bulvių ir prieskonių įdaru",
            "price": "€4.30"
          },
          {
            "name": "Paneer pratha",
            "desc": "Kvietinių miltų duonelė, kepta tandoori krosnyje, įdaryta panyro sūrio ir prieskonių įdaru",
            "price": "€4.30"
          },
          {
            "name": "ŠviežIų salotų garnyras",
            "desc": "",
            "price": "€5.30"
          },
          {
            "name": "Jeera ryžiai",
            "desc": "Basmati ryžiai, kumino sėklos, kurkuma, žalios žolelės, laimo sultys",
            "price": "€4.30"
          }
        ]
      },
      {
        "category": "Salotos",
        "items": [
          {
            "name": "Nepalietiškos chatpata salotos (vegan)",
            "desc": "Su virtais avinžirniais, pomidorais, agurkais, svogūnais, svogūnų laiškais, šviežiais čili pipirais, \"Namkeen\", juodąja druska, citrinų sultimis ir šviežia kalendra",
            "price": "€6.30"
          },
          {
            "name": "Panyro sūrio salotos",
            "desc": "Apkeptas naminis panyro sūris su šviežiais pomidorais, iceberg salotomis, ridikėliais ir špinatų lapais",
            "price": "€8.30"
          },
          {
            "name": "Nepalietiškos šviežios salotos (vegan)",
            "desc": "Salotų lapai, baltųjų ridikų, morkų, agurkų, pomidorų, rausvųjų svogūnų griežinėliai, patiekiama su žaliosios citrinos griežinėliu ir salotų padažu",
            "price": "€5.30"
          }
        ]
      },
      {
        "category": "Sriubos",
        "items": [
          {
            "name": "Tradicinė nepalietiška \"Kwati\" sriuba (vegan)",
            "desc": "Su septynių rūšių lęšiais, lęšių daigais, pomidorais, svogūnais, česnakais, imbieru, šviežia kalendra ir ypatingais \"Panch Puran\" prieskoniais",
            "price": "€6.30"
          },
          {
            "name": "Vištienos ypatingoji sriuba",
            "desc": "Su šviežiais špinatais ir šviežiais pomidorais",
            "price": "€6.30"
          },
          {
            "name": "Nepalietiška ėrienos aštrioji sriuba 🌶️",
            "desc": "Su raudonaisiais lęšiais, pomidorais, svogūnais, imbiero ir česnakų pasta, garam masala prieskoniais ir šviežia kalendra",
            "price": "€8.30"
          },
          {
            "name": "Vištienos thukpa sriuba 🌶️",
            "desc": "Tradicinė sriuba su vištienos gabaliukais ir kiaušininiais makaronais, pagardinta žalumynais ir nepalietiškais prieskoniais",
            "price": "€8.80"
          },
          {
            "name": "Ėrienos thukpa sriuba 🌶️",
            "desc": "Tradicinė sriuba su natūraliu sultiniu, ėrienos gabaliukais, kiaušininiais makaronais, pagardinta žalumynais ir nepalietiškais prieskoniais",
            "price": "€10.30"
          }
        ]
      },
      {
        "category": "Užkandžiai",
        "items": [
          {
            "name": "Svogūnų bhaji (vegan)",
            "desc": "Apkepti svogūnų gabalėliai su šviežiu čili padažu, padengti avinžirnių miltais, svogūnų laiškais, kumino ir Ajwain sėklomis. Užkandžiai patiekiami su šviežiomis salotomis ir jūsų pasirinktu padažu",
            "price": "€6.30"
          },
          {
            "name": "Daržovių pakora (vegan)",
            "desc": "Apkepti cukinijų ir baklažano gabalėliai, padengti avinžirnių miltais bei egzotinių prieskonių mišiniu. Užkandžiai patiekiami su šviežiomis salotomis ir jūsų pasirinktu padažu",
            "price": "€6.30"
          },
          {
            "name": "Daržovių samosa (vegan)",
            "desc": "Kvietinių miltų pyragėliai, įdaryti bulvėmis, svogūnais, žirneliais, morkomis ir riešutais. Užkandžiai patiekiami su šviežiomis salotomis ir jūsų pasirinktu padažu",
            "price": "€7.30"
          },
          {
            "name": "Panyro samosa",
            "desc": "Su panyro sūriu, svogūnais ir špinatais. Užkandžiai patiekiami su šviežiomis salotomis ir jūsų pasirinktu padažu",
            "price": "€7.80"
          },
          {
            "name": "Chilli pakora (vegan)",
            "desc": "Švieži jelapeno pipirai, padengti avinžirnių miltais ir rytietiškų prieskonių mišiniu. Užkandžiai patiekiami su šviežiomis salotomis ir jūsų pasirinktu padažu",
            "price": "€7.30"
          },
          {
            "name": "Panyro pakora",
            "desc": "Apkeptas Panyro sūris, padengtas avinžirnių miltais ir rytietiškų prieskonių mišiniu. Užkandžiai patiekiami su šviežiomis salotomis ir jūsų pasirinktu padažu",
            "price": "€7.30"
          },
          {
            "name": "Tandoori alu paratha",
            "desc": "Kvietinių miltų duonelė su bulvių įdaru, pagardinta prieskoniais ir žolelėmis, patiekiama su agurkų raita (galima pagaminti veganiškai). Užkandžiai patiekiami su šviežiomis salotomis ir jūsų pasirinktu padažu",
            "price": "€4.30"
          },
          {
            "name": "Tandoori paneer paratha",
            "desc": "Kvietinių miltų duonelė su paneero sūrio įdaru, pagardinta žaliomis žolelėmis, patiekiama su agurkų raita. Užkandžiai patiekiami su šviežiomis salotomis ir jūsų pasirinktu padažu",
            "price": "€4.30"
          }
        ]
      },
      {
        "category": "Mažiesiems svečiams",
        "items": [
          {
            "name": "Chicken nuggets",
            "desc": "Patiekiama su bulvytėmis fri ir šviežiomis daržovėmis",
            "price": "€6.30"
          },
          {
            "name": "Vištienos gabalėliai, kepti tandoori krosnyje",
            "desc": "Patiekiama su šviežiomis daržovėmis, basmati ryžiais bei žaliosios citrinos, sviesto ir grietinėlės padažu",
            "price": "€7.30"
          }
        ]
      },
      {
        "category": "Desertai",
        "items": [
          {
            "name": "Gulab jamun",
            "desc": "Tradicinės varškės sūrio spurgytės su cukrumi ir kardamonu",
            "price": "€5.80"
          },
          {
            "name": "Soan papdi (vegan)",
            "desc": "Lengvas ir purus desertas, pagamintas iš kardamonų, pistacijų ir migdolų",
            "price": "€4.80"
          }
        ]
      }
    ]
  },
  {
    "address": "Trakų g. 16",
    "location": [
      25.281720077765286,
      54.68047015401847
    ],
    "name": "Grilio namai",
    "rating": {
      "rating": 3,
      "score": 8.8
    },
    "short_description": "Maistas gaminamas ant žarijų",
    "id": "grilio-namai",
    "tags": [
      "grill",
      "kebabai"
    ],
    "distance": "0.4 km",
    "duration": 6,
    "menu": [
      {
        "category": "Patiekalai lėkštėje",
        "items": [
          {
            "name": "Kebabas lėkštėje",
            "desc": "Pasirinktos mėsos šašlykas, salotos ir pasirinkti padažas bei garnyras",
            "price": "€12.30"
          },
          {
            "name": "Adanos kebabas lėkštėje",
            "desc": "Adanos iešmas, salotos ir pasirinkti padažas bei garnyras",
            "price": "€12.30"
          },
          {
            "name": "Mix Grill lekštėje",
            "desc": "Adana ir vištienos šašlykas, salotos ir pasirinkti padažas bei garnyras",
            "price": "€17.30"
          },
          {
            "name": "Falafeliai lėkštėje",
            "desc": "Falafeliai, skrudintos bulvytės, salotos ir pasirinktas padažas",
            "price": "€10.30"
          },
          {
            "name": "Vištienos sparneliai",
            "desc": "Vištienos sparneliai , salotos ir pasirinkti padažas bei garnyras",
            "price": "€12.30"
          }
        ]
      },
      {
        "category": "Kebabai",
        "items": [
          {
            "name": "Kebabas lavaše",
            "desc": "Pasirinktos mėsos kebabas lavaše, salotos ir pasirinktas padažas",
            "price": "€9.30"
          },
          {
            "name": "Vegetariškas kebabas lavaše",
            "desc": "Falafeliai, salotos ir pasirinktas padažas",
            "price": "€9.30"
          },
          {
            "name": "Mix Grill kebabas lavaše",
            "desc": "Susuktas lavaše vištienos ir adana kebabas, salotos ir pasirinktu padažu",
            "price": "€13.90"
          }
        ]
      },
      {
        "category": "Kompleksai",
        "items": [
          {
            "name": "Kebabo kompleksas",
            "desc": "Pasirinktos mėsos kebabas lavaše, bulvytės ir gėrimas. Padažas pasirinktinai",
            "price": "€15.30"
          },
          {
            "name": "Mix Grill kebabo kompleksas",
            "desc": "",
            "price": "€17.30"
          }
        ]
      },
      {
        "category": "Kiti patiekalai",
        "items": [
          {
            "name": "Salotos su mėsa",
            "desc": "Mėsa bei padažas pasirinktinai",
            "price": "€11.30"
          },
          {
            "name": "Bulvytės su mėsa",
            "desc": "Mėsa bei padažas pasirinktinai",
            "price": "€11.30"
          },
          {
            "name": "Salotos",
            "desc": "",
            "price": "€4.90"
          },
          {
            "name": "Bulvytės",
            "desc": "",
            "price": "€4.90"
          }
        ]
      },
      {
        "category": "Sriubos",
        "items": [
          {
            "name": "Lęšių sriuba",
            "desc": "",
            "price": "€5.50"
          }
        ]
      },
      {
        "category": "Gėrimai",
        "items": [
          {
            "name": "Pepsi 0,33 l",
            "desc": "",
            "price": "€2.50"
          },
          {
            "name": "Pepsi Max 0,33 l",
            "desc": "",
            "price": "€2.50"
          },
          {
            "name": "Sprite 0,33 l",
            "desc": "",
            "price": "€2.50"
          },
          {
            "name": "Mirinda 0,33 l",
            "desc": "",
            "price": "€2.50"
          },
          {
            "name": "Vanduo 0,5 l",
            "desc": "",
            "price": "€2.20"
          },
          {
            "name": "Ayran",
            "desc": "",
            "price": "€2.00"
          }
        ]
      }
    ]
  },
  {
    "address": "Pylimo g. 25",
    "location": [
      25.279382853446435,
      54.6778716705275
    ],
    "name": "Habibi Oriental Food",
    "rating": {
      "rating": 3,
      "score": 8.4
    },
    "short_description": "Unikali Vidurio Rytų virtuvė su ypatingais tradiciniais skoniais",
    "id": "shawarma-falafel-and-hummus",
    "tags": [
      "falafeliai",
      "shawarma",
      "grill"
    ],
    "distance": "0.4 km",
    "duration": 6,
    "menu": [
      {
        "category": "Suktinukai",
        "items": [
          {
            "name": "Vištienos shawarma suktinukas",
            "desc": "Vištienos gabalėliai, patiekiami rytietiškame lavaše su švelniu padažu, česnakiniu padažu, humusu, raugintais agurkėliais ir daržovių salotomis",
            "price": "€7.00"
          },
          {
            "name": "Jautienos shawarma suktinukas",
            "desc": "Jautienos gabalėliai, patiekiami rytietiškame lavaše su švelniu padažu, humusu, raugintais agurkėliais ir daržovių salotomis",
            "price": "€7.00"
          },
          {
            "name": "Falafelių suktinukas (vegetariškas)",
            "desc": "Keturi falafelių gabalėliai, patiekiami rytietiškame lavaše su tahini padažu, humusu, raugintais agurkėliais ir daržovių salotomis",
            "price": "€7.00"
          },
          {
            "name": "Halloumi sūrio suktinukas",
            "desc": "Grilyje kepto Halloumi sūrio gabalėliai, patiekiami rytietiškame lavaše su pomidorais, agurkais, raugintais agurkėliais bei salotomis",
            "price": "€7.00"
          },
          {
            "name": "Jautienos kafta suktinukas",
            "desc": "Ant grotelių keptas maltos jautienos iešmelis, patiekiamas rytietiškame lavaše su pomidorais, raugintais agurkėliais, petražolėmis ir svogūnais",
            "price": "€6.00"
          },
          {
            "name": "Vištienos šašlyko suktinukas",
            "desc": "Ant grotelių kepti vištienos gabalėliai, patiekiami rytietiškame lavaše su pomidorais, raugintais agurkėliais, petražolėmis ir svogūnais",
            "price": "€6.00"
          },
          {
            "name": "Jautienos shawarma pita duonelėje",
            "desc": "Jautienos gabalėliai, patiekiami Pita duonelėje su aštriu padažu, raugintais agurkėliais ir salotomis",
            "price": "€5.50"
          },
          {
            "name": "Vištienos shawarma pita duonelėje",
            "desc": "Vištienos gabalėliai, patiekiami Pita duonelėje su  raugintais agurkėliais, daržovių salotomis, aštriu padažu",
            "price": "€5.50"
          },
          {
            "name": "Halloumi sūris pita duonelėje",
            "desc": "Ant grotelių keptas Halloumi sūris patiekiamas Pita duonelėje su pomidorais, agurkais, raugintais agurkėliais ir salotomis",
            "price": "€5.50"
          }
        ]
      },
      {
        "category": "Karštieji patiekalai",
        "items": [
          {
            "name": "Jautienos shawarma (kebabas) lėkštėje",
            "desc": "Jautienos gabalėliai, patiekiami su humusu, raug. agurkėliais , daržovių salotomis, bulvytėmis fri ir aštriu/tahini/jogurto padažu",
            "price": "€10.35"
          },
          {
            "name": "Vištienos shawarma (kebabas) lėkštėje",
            "desc": "Vištienos gabalėliai, patiekiami su humusu, raug. agurkėliais, daržovių salotomis, bulvytėmis fri ir aštriu/česnakiniu/jogurto padažu",
            "price": "€10.35"
          },
          {
            "name": "Falafelių lėkštė",
            "desc": "Penki falafelių gabalėliai, patiekiami humusu, raug. agurkėliais, daržovių salotomis ir aštriu/tahini/jogurto padažu",
            "price": "€8.85"
          },
          {
            "name": "Jautienos ir vištienos shawarma (kebabas) lėkštėje",
            "desc": "Jautienos ir vištienos gabalėliai, patiekiami su humusu , daržovių salotomis, bulvytėmis fri ir aštriu/česnakiniu/tahini/jogurto padažu",
            "price": "€10.35"
          },
          {
            "name": "Jautienos kafta lėkštėje",
            "desc": "Ant grotelių kepti maltos jautienos iešmeliai, patiekiami su rytietišku lavašu, ant grotelių keptais pomidorais ir svogūnais, raugintais agurkėliais, petražolėmis, daržovių salotomis ir humusu",
            "price": "€10.35"
          },
          {
            "name": "Vištienos šašlykas lėkštėje",
            "desc": "Ant grotelių kepti vištienos iešmeliai, patiekiami su rytietišku lavašu, ant grotelių keptais pomidorais ir svogūnais, raug. agurkėliais, petražolėmis, daržovių salotomis, humusu ir aštriu padažu (pasirinktinai)",
            "price": "€10.35"
          },
          {
            "name": "Jautienos ir vištienos šašlykas lėkštėje (Kafta)",
            "desc": "Ant grotelių kepti maltos jautienos ir vištienos gabalėlių iešmeliai, patiekiami su rytietišku lavašu, ant grotelių keptais pomidorais ir svogūnais, raugintais agurkėliais, petražolėmis, daržovių salotomis , humusu ir aštriu padažu (pasirinktinai)",
            "price": "€10.35"
          },
          {
            "name": "Pusė kepto viščiuko su salotomis",
            "desc": "Pusė kepto viščiuko su daržovių salotomis, bulvytėmis fri ir česnakiniu padažu",
            "price": "€10.35"
          },
          {
            "name": "Pasiūlymas dviems",
            "desc": "Šašlykas lėkštėje - Kafta - 2 asmenims",
            "price": "€19.70"
          },
          {
            "name": "Keptas viščiukas su salotomis",
            "desc": "Keptas viščiukas su daržovių salotomis, bulvytėmis fri ir česnakiniu padažu",
            "price": "€19.35"
          },
          {
            "name": "Jautienos ir vištienos shawarma ir falafeliai lėkštėje",
            "desc": "Maltos jautienos kafta, vištienos gabalėliai, du falafelių gabalėliai, patiekiami su humusu ir daržovių salotomis",
            "price": "€10.35"
          },
          {
            "name": "Keptas vištienos ketvirtis su daržovių salotomis ir garnyru",
            "desc": "Keptas vištienos ketvirtis su daržovių salotomis ir ryžiais arba bulvytėmis fri",
            "price": "€9.85"
          },
          {
            "name": "komplektas vistiena wrap + bulvi frie +pepsi 0.33",
            "desc": "komplektas vistiena wrap + bulvi frie +pepsi 0.33 arba 7 up merinda",
            "price": "€9.85"
          },
          {
            "name": "Jautienos ir vištienos shawarma (kebabas) lėkštėje",
            "desc": "Jautienos ir vištienos gabalėliai, patiekiami su humusu , daržovių salotomis, bulvytėmis fri ir aštriu/česnakiniu/tahini/jogurto padažu",
            "price": "€10.35"
          },
          {
            "name": "komplektas jautiena wrap + bulvi frie +pepsi 0.33",
            "desc": "komplektas jautiena wrap + bulvi frie +pepsi 0.33",
            "price": "€9.85"
          },
          {
            "name": "Pasiūlymas dviems",
            "desc": "1.Šašlykas lėkštėje 1. veggie -2 asmenims 2 gerimi ir 2 baklava",
            "price": "€19.70"
          },
          {
            "name": "Dvi porcijos šašlykų ir kofta arba vegetariškų rinkinių",
            "desc": "Dvi porcijos šašlykų arba vegetariškų rinkinių, 2 vnt. gaiviųjų gėrimų, 2 vnt. baklava",
            "price": "€19.70"
          },
          {
            "name": "Pasiūlymas dviems",
            "desc": "Šašlykas lėkštėje - Kafta -arba Vegetariškas rinkinukas dviems, Kombučia gėrimas \"Ohm!Bucha\" 0,35 l - 1 butelis, Baklava - 2 vienetai",
            "price": "€19.70"
          },
          {
            "name": "Keptas vištienos ketvirtis su daržovių salotomis ir garnyru",
            "desc": "Keptas vištienos ketvirtis su daržovių salotomis ir ryžiais arba bulvytėmis fri",
            "price": "€9.85"
          },
          {
            "name": "Jautienos ir vištienos shawarma ir falafeliai lėkštėje",
            "desc": "Maltos jautienos kafta, vištienos gabalėliai, du falafelių gabalėliai, patiekiami su humusu ir daržovių salotomis",
            "price": "€10.35"
          }
        ]
      },
      {
        "category": "Salotos ir vegetariški patiekalai",
        "items": [
          {
            "name": "Salotos su keptu Halloumi sūriu",
            "desc": "Ant grotelių keptas Halloumi sūris, vyšniniai pomidorai, rukola, rėžiukai, alyvuogės, bazilikas ir alyvuogių aliejus",
            "price": "€7.25"
          },
          {
            "name": "Graikiškos salotos",
            "desc": "Fetta sūris, paprika, agurkai, pomidorai, svogūnai, alyvuogės, raudonėlis",
            "price": "€7.25"
          },
          {
            "name": "Vegetariškas rinkinukas",
            "desc": "Humusas, falafeliai, baklažanų užtepėlė (pagaminta iš kepto baklažano, tahini , petražolių ir natūralaus jogurto), rytietiškas lavašas, daržovių salotos, tahini padažas",
            "price": "€8.85"
          },
          {
            "name": "Falafelių lėkštė",
            "desc": "Penki falafelių gabalėliai, patiekiami su humusu, raug. agurkėliais, daržovių salotomis ir aštriu/tahini/jogurto padažu",
            "price": "€7.85"
          },
          {
            "name": "Baba ganušas (Baba ghanoush)",
            "desc": "Keptas baklažanas, žalia ir raudona paprika, smulkinti pomidorai, granatas, petražolės, česnakas, citrinų sultys, granatų padažas, alyvuogių aliejus, juodieji pipirai",
            "price": "€7.25\n(250 g, €28.00/kg)"
          },
          {
            "name": "Baklažanų užtepėlė (Moutabal)",
            "desc": "Keptas baklažanas, tahini padažas, natūralus jogurtas, granatas, petražolės, citrinų sultys, granatų padažas, alyvuogių aliejus",
            "price": "€7.25\n(250 g, €28.00/kg)"
          },
          {
            "name": "Humusas",
            "desc": "Avinžirnių užtepėlė",
            "price": "€4.15\n(250 g, €16.00/kg)"
          },
          {
            "name": "Arabiškos salotos",
            "desc": "Agurkai, petražolės, ridikėliai, mėta, salotos, žalia ir raudona paprika, alyvuogės, svogūnai, žolelės, citrinų sultys, granatų padažas ir alyvuogių aliejus",
            "price": "€6.75"
          },
          {
            "name": "Tabbouleh",
            "desc": "Tradicinės rytietiškos salotos, pagamintos iš smulkiai kapotų petražolių, pomidorų, bulgur kviečių, citrinos sulčių ir alyvuogių aliejaus",
            "price": "€6.75"
          }
        ]
      },
      {
        "category": "Sriubos",
        "items": [
          {
            "name": "Lęšių sriuba",
            "desc": "Trinta lęšių sriuba su bulvėmis ir morkomis",
            "price": "€4.65\n(350 ml, €12.86/l)"
          },
          {
            "name": "Hareera sriuba",
            "desc": "Aštri marokietiška sriuba su malta jautiena, lęšiais, pomidorų pasta, avinžirniais ir smulkiais makaronais",
            "price": "€5.15\n(350 ml, €14.29/l)"
          },
          {
            "name": "Vištienos sultinys",
            "desc": "",
            "price": "€3.15"
          }
        ]
      },
      {
        "category": "Priedai",
        "items": [
          {
            "name": "Falafeliai",
            "desc": "",
            "price": "€0.70\n(1 pc, €0.70/pc)"
          },
          {
            "name": "Humusas",
            "desc": "",
            "price": "€5.00\n(250 g, €20.00/kg)"
          },
          {
            "name": "Padažas",
            "desc": "",
            "price": "€0.90"
          },
          {
            "name": "Rytietiškas lavašas",
            "desc": "",
            "price": "€1.00"
          },
          {
            "name": "Bulvytės fri",
            "desc": "",
            "price": "€4.50"
          }
        ]
      },
      {
        "category": "Desertai",
        "items": [
          {
            "name": "Baklava 0,1 kg",
            "desc": "",
            "price": "€3.00"
          },
          {
            "name": "Baklava (1 vnt.)",
            "desc": "",
            "price": "€2.50"
          },
          {
            "name": "Baklava (1 vnt.)",
            "desc": "",
            "price": "€3.50"
          }
        ]
      },
      {
        "category": "Gaivieji gėrimai",
        "items": [
          {
            "name": "Coca Cola 0,5 l",
            "desc": "",
            "price": "€2.00"
          },
          {
            "name": "Sprite 0,5 l",
            "desc": "",
            "price": "€2.00"
          },
          {
            "name": "Fanta 0,5 l",
            "desc": "",
            "price": "€2.00"
          },
          {
            "name": "Coca-Cola 0,33 l",
            "desc": "",
            "price": "€1.50"
          },
          {
            "name": "Sprite 0,33 l",
            "desc": "",
            "price": "€1.50"
          },
          {
            "name": "Fanta 0,33 l",
            "desc": "",
            "price": "€1.50"
          },
          {
            "name": "Kombučia gėrimas Ohm!Bucha 0,35 l",
            "desc": "",
            "price": "€3.20"
          },
          {
            "name": "Šviežiai spaustos apelsinų sultys 0,33 l",
            "desc": "",
            "price": "€3.00"
          },
          {
            "name": "Mineralinis vanduo negazuotas 0,5 l",
            "desc": "",
            "price": "€1.50"
          },
          {
            "name": "Mineralinis vanduo gazuotas 0,5 l",
            "desc": "",
            "price": "€1.50"
          },
          {
            "name": "Apelsinų sultys Elmenhorster 0,2 l",
            "desc": "",
            "price": "€1.50"
          },
          {
            "name": "Vaisių ir morkų sultys su multivitaminais 0,33 l",
            "desc": "",
            "price": "€2.00"
          },
          {
            "name": "Šalta arbata Lipton 0,33 l",
            "desc": "Šalta arbata Lipton skardinėje",
            "price": "€1.50"
          },
          {
            "name": "Nealkoholinis alus Carlsberg 0,33 l",
            "desc": "Nealkoholinis alus Carlsberg butelyje",
            "price": "€2.00"
          },
          {
            "name": "Nealkoholinis alus Amber City 0,5 l",
            "desc": "",
            "price": "€2.00"
          },
          {
            "name": "Nealkoholinis alus Gubernija Extra 0,5 l",
            "desc": "Nealkoholinis alus Gubernija Extra skardinėje",
            "price": "€2.00"
          },
          {
            "name": "Nealkoholinis alus Go Pilsner 0,5 l",
            "desc": "",
            "price": "€2.00"
          },
          {
            "name": "Natūralus jogurtas Ayran 0,25 l",
            "desc": "",
            "price": "€2.00"
          },
          {
            "name": "Nealkoholinis alus Gubernija Extra 0,5 l",
            "desc": "Nealkoholinis alus Gubernija Extra skardinėje",
            "price": "€2.00"
          },
          {
            "name": "Nealkoholinis alus Amber City 0,5 l",
            "desc": "",
            "price": "€2.00"
          },
          {
            "name": "Pepsi 0,5 l",
            "desc": "",
            "price": "€2.00"
          },
          {
            "name": "Pepsi 0,33 l",
            "desc": "",
            "price": "€1.50"
          },
          {
            "name": "7up 0,33 l",
            "desc": "",
            "price": "€1.50"
          },
          {
            "name": "Mirinda 0,33 l",
            "desc": "",
            "price": "€1.50"
          },
          {
            "name": "Sanpellegrino 0,33 l",
            "desc": "",
            "price": "€2.00"
          },
          {
            "name": "Mountain dew 0,5 l",
            "desc": "",
            "price": "€2.00"
          },
          {
            "name": "Enjoy 0,33 l",
            "desc": "",
            "price": "€1.50"
          },
          {
            "name": "Natakhari georgian lemonade 0,5 l",
            "desc": "",
            "price": "€3.00"
          },
          {
            "name": "Nealkoholinis heineken 0,33 l",
            "desc": "Nealkoholinis alus butelyje",
            "price": "€2.00"
          },
          {
            "name": "Mirinda 0,5 l",
            "desc": "",
            "price": "€2.00"
          },
          {
            "name": "7 up 0,5 l",
            "desc": "",
            "price": "€2.00"
          }
        ]
      }
    ]
  },
  {
    "address": "Trakų g. 18",
    "location": [
      25.282158,
      54.6806134
    ],
    "name": "St. Valentino restoranas",
    "rating": {
      "rating": 4,
      "score": 9.4
    },
    "short_description": "Originalūs itališki patiekalai",
    "id": "st-valentino-restoranas",
    "tags": [
      "itališka",
      "pica",
      "salotos"
    ],
    "distance": "0.5 km",
    "duration": 6,
    "menu": [
      {
        "category": "Užkandžiai",
        "items": [
          {
            "name": "Itališki skrebučiai su keptais vyšniniais pomidoriukais",
            "desc": "Su česnakais, pesto padažu",
            "price": "€9.80"
          },
          {
            "name": "Itališki skrebučiai su mocarela di Bufala",
            "desc": "Su keptais vyšniniais pomidoriukais, česnakais, pesto padažu",
            "price": "€10.30"
          },
          {
            "name": "Burrata - šviežias itališkas grietinėlės ir mocarelos sūris",
            "desc": "Su saulėje džiovintais Perino pomidoriukais, gražgarstėmis, ypač tyru alyvuogių aliejumi, trumų aliejaus šlakeliu ir šilta brusketos duonele",
            "price": "€15.00"
          },
          {
            "name": "Traški kepta \"Burrata\" su šviežiais pomidoriukų ir alyvuogių mozaika",
            "desc": "sodriu padažu ir skrudinta duonele",
            "price": "€16.80"
          },
          {
            "name": "Jautienos karpačas",
            "desc": "Jautienos išpjova su gražgarstėmis, kedrų riešutais, kietuoju sūriu, trumų pesto",
            "price": "€17.90"
          },
          {
            "name": "Tuno tartaras su avokadais",
            "desc": "Su šviežiais agurkais, salotomis ir rabarbarų – ponzu padažu",
            "price": "€18.30"
          }
        ]
      },
      {
        "category": "Salotos",
        "items": [
          {
            "name": "Cezario salotos su vištiena",
            "desc": "Salotos, naminiai traškūs duonos skrebučiai, kietasis sūris, garstyčių ir ančiuvių padažas",
            "price": "€15.80"
          },
          {
            "name": "Cezario salotos su grill krevetėmis",
            "desc": "Salotos, naminiai traškūs duonos skrebučiai, kietasis sūris, garstyčių ir ančiuvių padažas",
            "price": "€17.80"
          },
          {
            "name": "Krosnyje keptų burokėlių salotos su ožkos sūriu",
            "desc": "Su gražgarstėmis, vyšniniais pomidoriukais, kedro riešutais, alyvuogių ir citrinų padažu",
            "price": "€15.50"
          },
          {
            "name": "Romos salotos",
            "desc": "Šviežios daržovės, sūdytos lašišos gabalėliai, krevetės, mocarela di Bufala, alyvuogės",
            "price": "€15.80"
          },
          {
            "name": "Salotos su griliuota lašišos file",
            "desc": "Špinatai, gražgarstės, ąžuolo salotos, vyšniniai pomidoriukai, agurkai, kepta lašišų file, avokadai, pinijų riešutai, trumų - sezamų padažas, stintenės ikrai",
            "price": "€18.50"
          },
          {
            "name": "Salotos su žemoje temperatūroje lėtai kepta antiena",
            "desc": "Šviežių salotų lapeliai, vyšniniai pomidoriukai, karamelizuoti burokėliai, antienos krūtinėlė kepta ant grotelių, kriaušės, balzaminės karamelės padažas",
            "price": "€20.20"
          },
          {
            "name": "Keptos ir traškios vegetariškos salotos",
            "desc": "Kepti brokoliai, šparagai, žirnių ankštys, cukinijos, žirnelių kremas, balzaminio acto ir aliejaus padažas",
            "price": "€17.30"
          },
          {
            "name": "Keptos ir traškios vegetariškos salotos su griliuota lašišos file",
            "desc": "Kepti brokoliai, šparagai, žirnių ankštys, cukinijos, griliuota lašišos file, žirnelių kremas, balzaminio acto ir aliejaus padažas",
            "price": "€25.30"
          },
          {
            "name": "Keptos ir traškios vegetariškos salotos su griliuota vištienos file",
            "desc": "Kepti brokoliai, šparagai, žirnių ankštys, cukinijos, griliuota vištienos file, žirnelių kremas, balzaminio acto ir aliejaus padažas",
            "price": "€25.30"
          },
          {
            "name": "Aštuonkojų salotos",
            "desc": "su keptomis jaunomis bulvytėmis, alyvuogėmis, vytintais pomidoriukais ir žolelių padažu",
            "price": "€18.30"
          }
        ]
      },
      {
        "category": "Pirmieji patiekalai",
        "items": [
          {
            "name": "Makaronai su baklažanais🌶",
            "desc": "Su aitriosiomis paprikomis ir pomidorų padažu",
            "price": "€15.80"
          },
          {
            "name": "Lingviniai su baravykais",
            "desc": "Su naminiu trumų padažu, grietinėle ir kietuoju sūriu",
            "price": "€18.20"
          },
          {
            "name": "Makaronai su vištiena",
            "desc": "Špinatais, porais, cukinijomis, kario ir grietinėlės padažu",
            "price": "€17.20"
          },
          {
            "name": "Makaronai su šonine",
            "desc": "Su kiaušinio tryniu, grietinėlės ir sūrio padažu",
            "price": "€17.20"
          },
          {
            "name": "Bolognese makaronai",
            "desc": "Su maltos mėsos padažu",
            "price": "€17.20"
          },
          {
            "name": "Lingviniai su antiena",
            "desc": "Su bruknėmis ir grietinėlės padažu",
            "price": "€18.20"
          },
          {
            "name": "Makaronai su jūrų gėrybėmis🌶",
            "desc": "Su aitriosiomis paprikomis",
            "price": "€19.20"
          },
          {
            "name": "Lingviniai su karališkomis krevetėmis",
            "desc": "pistacijomis ir pistacijų pesto",
            "price": "€19.30"
          },
          {
            "name": "GNOCCHI - špinatų ir virtų bulvių virtinukai",
            "desc": "su pistacijomis, trumų, grybų ir Čederio padažu",
            "price": "€18.20"
          }
        ]
      },
      {
        "category": "Naminiai koldūnai - Ravioli",
        "items": [
          {
            "name": "Ravioli su rikotos sūrio stracciatella ir špinatų įdaru",
            "desc": "Su baltojo vyno, šalavijų ir pinijų riešutų padažu, Grana Padano sūriu",
            "price": "€15.80"
          },
          {
            "name": "Ravioli su baklažanų ir baravykų įdaru",
            "desc": "Su kreminiu trumų padažu",
            "price": "€17.20"
          },
          {
            "name": "Ravioli su jautiena ir baravykų padažu",
            "desc": "",
            "price": "€17.20"
          },
          {
            "name": "Gnocchi - itališki bulvių virtinukai",
            "desc": "su pistacijomis, trumų, grybų ir Čederio sūrio padažu",
            "price": "€18.20"
          }
        ]
      },
      {
        "category": "Sriubos",
        "items": [
          {
            "name": "Dienos sriuba",
            "desc": "",
            "price": "€7.30"
          }
        ]
      },
      {
        "category": "Mėsos patiekalai",
        "items": [
          {
            "name": "Grill vištienos file",
            "desc": "Su smidrais ir olandišku špinatų padažu",
            "price": "€23.80"
          },
          {
            "name": "Antienos kepsnys lėtai gamintas žemoje temperatūroje",
            "desc": "Lėtai gamintas žemoje temperatūroje, su žiedinių kopūstų - porų piure, romanesco brokoliais ir Porto vyno padažu",
            "price": "€28.40"
          },
          {
            "name": "Jautienos didkepsnis",
            "desc": "Su virtomis, apkeptomis bulvėmis ir šviežiomis daržovėmis",
            "price": "€29.40"
          }
        ]
      },
      {
        "category": "Žuvies patiekalai",
        "items": [
          {
            "name": "Grill tigrinės krevetės",
            "desc": "Su česnakiniu aliejumi ir šviežiomis salotomis",
            "price": "€21.30"
          },
          {
            "name": "Oto kepsnys su langustų bei krevečių padažu",
            "desc": "Su virtomis ir apkeptomis bulvytėmis, garintais ir apkeptais romanesco brokoliais, špinatais",
            "price": "€26.40"
          },
          {
            "name": "Menkės filė su keptais baklažanais",
            "desc": "artišokais ir spalvotais, vyšniniais pomidoriukais",
            "price": "€26.00"
          }
        ]
      },
      {
        "category": "Garnyrai",
        "items": [
          {
            "name": "Šviežios daržovės",
            "desc": "",
            "price": "€7.30"
          },
          {
            "name": "Daržovės keptos ant grotelių",
            "desc": "",
            "price": "€9.80"
          },
          {
            "name": "Virtos, apkeptos bulvės su rozmarinais",
            "desc": "",
            "price": "€5.30"
          }
        ]
      },
      {
        "category": "Saldieji patiekalai",
        "items": [
          {
            "name": "Panna cotta",
            "desc": "Itališkas grietinėlės desertas su miško uogų užpilu",
            "price": "€9.30"
          },
          {
            "name": "Šokoladinis sufle (Lava cake) su pistacijų kremu viduje (be ledų)",
            "desc": "",
            "price": "€9.30"
          },
          {
            "name": "Šokoladinis sufle (Lava cake) su pistacijų kremu viduje ir Stracciatella ledais",
            "desc": "",
            "price": "€12.10"
          }
        ]
      },
      {
        "category": "Užkandžiai prie vyno",
        "items": [
          {
            "name": "Alyvuogės",
            "desc": "Mūsų ruoštos alyvuogės su medumi ir žolelėmis",
            "price": "€7.30"
          },
          {
            "name": "Sūrių rinkinys",
            "desc": "",
            "price": "€15.30"
          },
          {
            "name": "Gruzdintos batatų lazdelės su \"Sriracha Aioli\" padažu",
            "desc": "",
            "price": "€8.30"
          }
        ]
      },
      {
        "category": "Gaivinamieji gėrimai",
        "items": [
          {
            "name": "Natūralus mineralinis vanduo Acqua Panna 0,25 l",
            "desc": "",
            "price": "€3.90"
          },
          {
            "name": "Natūralus mineralinis vanduo Acqua Panna 0,75 l",
            "desc": "",
            "price": "€5.90"
          },
          {
            "name": "Gazuotas mineralinis vanduo S.Pallegrino 0,25 l",
            "desc": "",
            "price": "€3.90"
          },
          {
            "name": "Gazuotas mineralinis vanduo S.Pallegrino 0,75 l",
            "desc": "",
            "price": "€5.90"
          },
          {
            "name": "Obuolių sultys Pfanner 0,2l",
            "desc": "",
            "price": "€4.50"
          },
          {
            "name": "Mangų sultys Pfanner 0,2l",
            "desc": "",
            "price": "€4.50"
          },
          {
            "name": "Apelsinų sultys Pfanner 0,2 l",
            "desc": "",
            "price": "€4.50"
          },
          {
            "name": "Pomidorų sultys \"Pfanner\" 0,2 l",
            "desc": "",
            "price": "€4.50"
          },
          {
            "name": "Coca-cola 0,25 l",
            "desc": "",
            "price": "€4.50"
          },
          {
            "name": "Coca-cola Zero 0,25 l",
            "desc": "",
            "price": "€4.50"
          },
          {
            "name": "Sprite 0,25 l",
            "desc": "",
            "price": "€4.50"
          },
          {
            "name": "Fanta 0,25 l",
            "desc": "",
            "price": "€4.50"
          },
          {
            "name": "Itališki bio limonadai Galvanina 0,355 l",
            "desc": "",
            "price": "€4.90"
          },
          {
            "name": "Šviežiai spaustos sultys 0,2 l",
            "desc": "",
            "price": "€6.90"
          },
          {
            "name": "Šviežiai spaustos sultys 0,3 l",
            "desc": "",
            "price": "€10.00"
          },
          {
            "name": "Natūralus mineralinis vanduo Galvanina 0,355 l",
            "desc": "",
            "price": "€3.90"
          },
          {
            "name": "Natūralus mineralinis vanduo Galvanina 0,75 l",
            "desc": "",
            "price": "€5.90\n(750 ml, €7.87/l)"
          },
          {
            "name": "Gazuotas mineralinis vanduo Galvanina 0,355 l",
            "desc": "",
            "price": "€3.90\n(355 ml, €10.99/l)"
          },
          {
            "name": "Kombučia - Originali 0,33 l",
            "desc": "",
            "price": "€5.00"
          },
          {
            "name": "Kombučia - Rožinė 0,33 l",
            "desc": "",
            "price": "€5.00"
          },
          {
            "name": "Kombučia - Bazilikų 0,33 l",
            "desc": "",
            "price": "€5.00"
          }
        ]
      },
      {
        "category": "Žalieji kokteiliai",
        "items": [
          {
            "name": "Mangų žaliasis kokteilis 0.3 l",
            "desc": "Mangai, melionai, apelsinų sultys, bananai",
            "price": "€8.00"
          },
          {
            "name": "Sveikuolių žaliasis kokteilis 0,3 l",
            "desc": "Špinatai, apelsinų sultys, saulėgrąžų daigai, mangai, bananai",
            "price": "€8.00"
          }
        ]
      }
    ]
  },
  {
    "address": "Basanavičiaus g. 3",
    "location": [
      25.277018619561943,
      54.68012328996505
    ],
    "name": "Ararat",
    "rating": {
      "rating": 3,
      "score": 9
    },
    "short_description": "Armėniška virtuvė",
    "id": "ararat",
    "tags": [
      "užkandžiai",
      "sriubos"
    ],
    "distance": "0.1 km",
    "duration": 1,
    "menu": [
      {
        "category": "Liulia kebabai",
        "items": [
          {
            "name": "Tradicinis liulia kebabas",
            "desc": "Kepta ant ugnies malta jautiena ir kiauliena, patiekiama su garnyru, lavašu ir firminiu Ararat padažu",
            "price": "€12.30"
          },
          {
            "name": "Avienos liulia kebabas",
            "desc": "Kepta ant ugnies malta aviena, patiekiama su garnyru ir firminiu Ararat padažu",
            "price": "€13.30"
          }
        ]
      },
      {
        "category": "Užkandžiai",
        "items": [
          {
            "name": "Lavašo traškučiai",
            "desc": "",
            "price": "€5.30"
          },
          {
            "name": "Sūrių rinkinys",
            "desc": "Brinza, pelėsinis sūris, rūkytas sūris, vynuogės, lavašo traškučiai",
            "price": "€10.30"
          },
          {
            "name": "Lavašas",
            "desc": "Tradicinė, pagal senovės papročius kepta armėnų duona",
            "price": "€3.30"
          },
          {
            "name": "Pikantiškos sūrio spurgos",
            "desc": "",
            "price": "€7.30"
          },
          {
            "name": "Traškūs kalmarų žiedai",
            "desc": "",
            "price": "€7.30"
          },
          {
            "name": "Traškūs svogūnų žiedai",
            "desc": "",
            "price": "€6.30"
          }
        ]
      },
      {
        "category": "Sriubos",
        "items": [
          {
            "name": "Charčio su jautiena",
            "desc": "Aštri kaukazietiška jautienos sriuba",
            "price": "€7.30"
          },
          {
            "name": "Chašlama su aviena",
            "desc": "Armėniška avienos sriuba, pagaminta pagal Šiaurės Armėnijos tradicijas.",
            "price": "€8.30"
          },
          {
            "name": "Akroška",
            "desc": "Vasariška šalta sriuba su žalumynais, patiekiama su keptomis bulvėmis",
            "price": "€6.30"
          }
        ]
      },
      {
        "category": "Salotos",
        "items": [
          {
            "name": "Tabulė",
            "desc": "Kuskusas, sezoniniai žalumynai, pomidorai, agurkai, česnakai, sviestas, raudoni svogūnai",
            "price": "€7.30"
          },
          {
            "name": "Graikiškos salotos",
            "desc": "Pomidorai, agurkai, feta sūris, alyvuogės, salotų lapai, graikiniai riešutai, raudoni svogūnai ir alyvuogių aliejus",
            "price": "€8.30"
          },
          {
            "name": "Ararato baklažanų suktinukai",
            "desc": "Keptų balkažanų suktinukai su švelniu sūrio ir česnako įdaru",
            "price": "€8.30"
          },
          {
            "name": "Tunų salotos",
            "desc": "Konservuotas tunas, žirneliai, pomidorai, keptos bulvės, kiaušinis, marinuoti svogūnai, majonezas",
            "price": "€9.30"
          },
          {
            "name": "Vištienos grilio salotos",
            "desc": "Ant ugnies kepta vištienos krutinėlė, salotų lapai, paprika, kepti avinžirniai, medaus ir garstyčių užpilas",
            "price": "€9.30"
          },
          {
            "name": "Lašišos grilio salotos",
            "desc": "Ant grilio kepta lašiša, morkos, agurkai, sezamo sėklos, citrinos ir alyvuogių aliejaus užpilas",
            "price": "€11.30"
          },
          {
            "name": "Salotos su grilyje keptu sūriu",
            "desc": "",
            "price": "€9.30"
          }
        ]
      },
      {
        "category": "Aviena",
        "items": [
          {
            "name": "Aviena kitaip",
            "desc": "Ant ugnies kepta malta aviena, svogūnai patiekiami su garnyru ir firminiu Ararat padažu",
            "price": "€13.30"
          },
          {
            "name": "Plovas su aviena",
            "desc": "Armėniškas plovas su aviena",
            "price": "€9.30"
          }
        ]
      },
      {
        "category": "Paukštiena",
        "items": [
          {
            "name": "Vištienos chorovac",
            "desc": "Švelnios vištienos šašlykas, patiekiamas su garnyru ir pikantišku padažu",
            "price": "€12.30"
          },
          {
            "name": "Viščiukas tapaka",
            "desc": "Viščiukas, pagal autentišką receptą ilgai kepamas po sunkiu presu. Jo gamyba užtrunka apie 40-50 minučių",
            "price": "€16.30"
          },
          {
            "name": "Vištienos ir cukinijos šašlykas",
            "desc": "Ant ugnies kepta vištiena ir cukinija, patiekiama su garnyru ir pikantišku padažu",
            "price": "€13.30"
          }
        ]
      },
      {
        "category": "Kiauliena ir jautiena",
        "items": [
          {
            "name": "Gurmanų kebabas",
            "desc": "Keptas ant iešmo kapotos jautienos ir kiaulienos kebabas su baklažano griežinėliais",
            "price": "€13.30"
          },
          {
            "name": "Mėgstamiausias chorovac",
            "desc": "Tradicinis kiaulienos sprandinės šašlykas",
            "price": "€13.30"
          },
          {
            "name": "Ararat chorovac",
            "desc": "Kepta ant ugnies kiaulienos sprandinė, patiekiama su garnyru ir firminiu Ararat padažu",
            "price": "€14.30"
          },
          {
            "name": "Aragac chorovac",
            "desc": "Kiaulienos šonkauliukai kepti ant ugnies, patiekiami su garnyru ir firminiu Ararat padažu",
            "price": "€14.30"
          },
          {
            "name": "Ker u sus keturiems",
            "desc": "Marinuoti svogūnai, marinuoti agurkai, feta sūris, alyvuogės, armėniški aštrūs pipirai, adžabsandalis, keptos bulvės, ryžiai, kiaulienos sprandinės šašlykas, šonkauliukų šašlykas avienos nugarinė, vištienos šašlykas ir firminis Ararat padažas",
            "price": "€49.20"
          },
          {
            "name": "Jerevan dviems",
            "desc": "Marinuoti svogūnai, marinuoti agurkai, feta sūris, alyvuogės, armėniški aštrūs pipirai, adžabsandalis, keptos bulvės, ryžiai kiaulienos sprandinės šašlykas, šonkauliukų šašlykas ir firminis Ararat padažas",
            "price": "€24.90"
          }
        ]
      },
      {
        "category": "Žuvis",
        "items": [
          {
            "name": "Lašišos chorovac",
            "desc": "Lašišos kepsnys keptas ant ugnies, patiekiamas su ryžiais, troškintomis daržovėmis ir švelniu pomidorų ir baziliko padažu",
            "price": "€15.30"
          }
        ]
      },
      {
        "category": "Chačapuri",
        "items": [
          {
            "name": "Ararat chačapuri su sūriu ir mėsa",
            "desc": "",
            "price": "€11.30"
          },
          {
            "name": "Ararat chačapuri su sūriu ir žalumynais",
            "desc": "",
            "price": "€10.30"
          },
          {
            "name": "Ararat chačapuri su sūriu",
            "desc": "",
            "price": "€10.30"
          },
          {
            "name": "Ararat chačapuri ant iešmo",
            "desc": "Firminis „Ararato“ chačapuri ant iešmo, keptas žarijų kaitroje",
            "price": "€10.30"
          },
          {
            "name": "Chačapuri su aviena",
            "desc": "",
            "price": "€12.30"
          },
          {
            "name": "Adžarijos chacapuri su kiaušiniu",
            "desc": "",
            "price": "€10.30"
          }
        ]
      },
      {
        "category": "Karšti patiekalai",
        "items": [
          {
            "name": "Chinkali su aviena",
            "desc": "Kaukazietiški dideli koldūnai su aviena, patiekiami su sviestu ie česnakiniu padažu.",
            "price": "€10.30"
          },
          {
            "name": "Vegetariški chinkali",
            "desc": "Kaukazietiški dideli koldūnai su grybais (galima veganiška versija be sviesto, su alyvuogių aliejumi)",
            "price": "€9.30"
          },
          {
            "name": "Tolma",
            "desc": "Mėsa įdaryti vynuogių lapai",
            "price": "€10.30"
          },
          {
            "name": "Chinkali su kiauliena ir jautiena",
            "desc": "Dideli kaukazietiški koldūnai su mėsa patiekiami su sviestu ir česnakiniu padažu",
            "price": "€9.30"
          }
        ]
      },
      {
        "category": "Veganiški patiekalai",
        "items": [
          {
            "name": "Žingialov hac",
            "desc": "Tradiciniai Arcacho krašto paplotėliai su žalumynais, patiekiami su macuni užpilu (galima veganiška versija be padažo, tik su citrina)",
            "price": "€10.30"
          }
        ]
      },
      {
        "category": "Desertai",
        "items": [
          {
            "name": "Gardžios varškės spurgytės",
            "desc": "Gardžios varškės spurgytės su grietine ir uogiene",
            "price": "€5.30"
          },
          {
            "name": "Tradicinė pachlava",
            "desc": "Tradicinis armėniškas daugiasluoksnis graikinių riešutų ir medaus pyragas",
            "price": "€6.30"
          },
          {
            "name": "Megr u macun",
            "desc": "Armėniškas sveikuoliškas desertas su medumi ir karamelizuotais riešutais",
            "price": "€5.30"
          }
        ]
      },
      {
        "category": "Gėrimai",
        "items": [
          {
            "name": "Coca Cola 0,25 l",
            "desc": "",
            "price": "€2.00"
          },
          {
            "name": "Coca Cola Zero 0,25 l",
            "desc": "",
            "price": "€2.00"
          },
          {
            "name": "Sprite 0,25 l",
            "desc": "",
            "price": "€2.00"
          },
          {
            "name": "Fanta 0,25 l",
            "desc": "",
            "price": "€2.00"
          },
          {
            "name": "Mineralinis gazuotas Norte vanduo 0,33 l",
            "desc": "",
            "price": "€2.00"
          },
          {
            "name": "Mineralinis negazuotas Norte vanduo 0,33 l",
            "desc": "",
            "price": "€2.00"
          },
          {
            "name": "Tauro gira 0,5 l",
            "desc": "",
            "price": "€3.00"
          },
          {
            "name": "Nealkoholins alus Heineken 0,33 l",
            "desc": "",
            "price": "€2.50"
          },
          {
            "name": "Ararat armėniškas kompotas 1 l",
            "desc": "",
            "price": "€5.00"
          }
        ]
      }
    ]
  },
  {
    "address": "Mėsinių g. 4",
    "location": [
      25.28494473813037,
      54.67814045232765
    ],
    "name": "BeerHouse & Craft Kitchen",
    "rating": {
      "rating": 3,
      "score": 7.8
    },
    "short_description": "Alaus šalių patiekalai || Šis restoranas priklauso ir jį valdo UAB 3B Solutionsa, kuris yra atsakinga už parduodamas prekes. Visą informaciją apie parduodamus produktus pateikia pardavėjas\n",
    "id": "beerhouse-craft-kitchen",
    "tags": [
      "BBQ",
      "šonkauliai",
      "žuvis"
    ],
    "distance": "0.8 km",
    "duration": 11,
    "menu": [
      {
        "category": "Dideli rinkiniai",
        "items": [
          {
            "name": "Rinkinys pradžiai",
            "desc": "Rūkyti mėsos gaminiai, marinuoti svogūnėliai, alyvuogės, kietieji sūriai, humusas, traškios lazdelės",
            "price": "€23.00"
          },
          {
            "name": "Lietuviškas tradicinis rinkinys",
            "desc": "Cepelinai, kugelis, balandėliai, naminiai rankų darbo koldūnai su kiauliena, keptas varškės sūris",
            "price": "€36.00"
          },
          {
            "name": "Jūros gėrybių rinkinys",
            "desc": "Fish&Chips, tigrinės krevetės, kalmarų žiedai, midijos, kepti šprotai, gruzdintos bulvytės, žirneliai",
            "price": "€38.00"
          },
          {
            "name": "Amerikietiškas rinkinys",
            "desc": "BBQ šonkauliukai, BBQ sparneliai, spring rolls, vištienos kąsneliai, gruzdinti koldūnai, belgiškos bulvės, marinuoti agurkai",
            "price": "€38.00"
          },
          {
            "name": "Oktoberfest rinkinys",
            "desc": "Bratwurst dešrelės, BBQ šonkauliukai, kiaulienos karka, šnicelis, vištiena, bulvių košė, troškinti kopūstai, belgiškos bulvytės",
            "price": "€38.00"
          }
        ]
      },
      {
        "category": "Pagrindiniai patiekalai",
        "items": [
          {
            "name": "Fish & Chips alaus tešloje",
            "desc": "",
            "price": "€15.00"
          },
          {
            "name": "Firminis BeerHouse schnitzel",
            "desc": "Neuždengsite delnu!",
            "price": "€18.00"
          },
          {
            "name": "Jūrinio ešerio filė",
            "desc": "Su brokoliais, bolivine balanda ir rudaisiais ryžiais",
            "price": "€18.00"
          },
          {
            "name": "Bratwurst Grill dešrelės",
            "desc": "",
            "price": "€15.90"
          },
          {
            "name": "Rūkyta kiaulės karka",
            "desc": "",
            "price": "€18.00"
          },
          {
            "name": "Sotieji BBQ kiaulienos šonkauliai",
            "desc": "",
            "price": "€20.00"
          },
          {
            "name": "Klasikinis jautienos burgeris",
            "desc": "",
            "price": "€13.00"
          },
          {
            "name": "Vištienos kepsnys",
            "desc": "Su bulvių koše.",
            "price": "€14.00"
          },
          {
            "name": "Vegetariškas Portabello Schnitzel",
            "desc": "",
            "price": "€12.00"
          },
          {
            "name": "Anties krūtinėlė",
            "desc": "Su saldžiaisiais mandarinais",
            "price": "€19.00"
          },
          {
            "name": "Jautienos steikas",
            "desc": "",
            "price": "€25.00"
          },
          {
            "name": "Midijos su grietinėle",
            "desc": "",
            "price": "€15.00"
          },
          {
            "name": "Midijos garintos aluje",
            "desc": "",
            "price": "€15.00"
          },
          {
            "name": "Kepti cepelinai su mėsa",
            "desc": "",
            "price": "€10.00"
          }
        ]
      },
      {
        "category": "Užkandžiai",
        "items": [
          {
            "name": "Brusketa su pomidorais ir pesto padažu",
            "desc": "",
            "price": "€6.00"
          },
          {
            "name": "Brusketa su parmos kumpiu",
            "desc": "Su parmos kumpiu ir karamelizuotais svogūnais",
            "price": "€6.00"
          },
          {
            "name": "Brusketa su tunu",
            "desc": "Su tunu ir traškiomis daržovėmis",
            "price": "€6.00"
          },
          {
            "name": "Brusketa su lašinukais",
            "desc": "Su lašinukais ir marinuotais agurkėliais",
            "price": "€6.00"
          },
          {
            "name": "BBQ vištienos sparneliai",
            "desc": "Su traškiomis morkomis ir gaiviu agurkų-mėtų padažu",
            "price": "€9.00"
          },
          {
            "name": "Vištienos kąsneliai",
            "desc": "Su traškiomis morkomis ir gaiviu agurkų-mėtų padažu",
            "price": "€10.00"
          },
          {
            "name": "Keptas varškės sūris su šonine",
            "desc": "",
            "price": "€12.00"
          },
          {
            "name": "Didžiosios pupos su šonine",
            "desc": "",
            "price": "€6.00"
          },
          {
            "name": "Anties kepenėlių paštetas su karamelizuotais svogūnais",
            "desc": "",
            "price": "€9.00"
          }
        ]
      },
      {
        "category": "Mini užkandžiai",
        "items": [
          {
            "name": "Gruzdintos belgiškos bulvės",
            "desc": "",
            "price": "€5.50"
          },
          {
            "name": "Kepta duona",
            "desc": "",
            "price": "€5.50"
          },
          {
            "name": "Kepti atlantiniai šprotai",
            "desc": "",
            "price": "€6.00"
          },
          {
            "name": "Naminiai koldūnai su kiauliena",
            "desc": "",
            "price": "€6.00"
          },
          {
            "name": "Gruzdinti kalmarų žiedai",
            "desc": "",
            "price": "€6.00"
          }
        ]
      },
      {
        "category": "Salotos",
        "items": [
          {
            "name": "Cezario salotos su vištiena",
            "desc": "",
            "price": "€11.00"
          },
          {
            "name": "Cezario salotos su krevetėmis",
            "desc": "",
            "price": "€12.00"
          },
          {
            "name": "Salotos su Burrata sūriu",
            "desc": "",
            "price": "€12.00"
          },
          {
            "name": "Buddha bowl",
            "desc": "Jautiena, salotų lapai, sezoninės daržovės, avinžirniai, alyvuogių aliejus",
            "price": "€13.00"
          }
        ]
      },
      {
        "category": "Sriubos",
        "items": [
          {
            "name": "Aitri jautienos sriuba",
            "desc": "Su Porter alumi",
            "price": "€7.00"
          }
        ]
      },
      {
        "category": "Desertai",
        "items": [
          {
            "name": "Karštas obuolių pyragas",
            "desc": "",
            "price": "€9.00"
          },
          {
            "name": "Karštos slyvos",
            "desc": "Slyvos virtos raudoname vyne, granola (be ledų)",
            "price": "€7.00"
          }
        ]
      },
      {
        "category": "Gėrimai",
        "items": [
          {
            "name": "Pepsi 0,2 l",
            "desc": "",
            "price": "€3.00\nExcl. €0.10 deposit"
          },
          {
            "name": "Mirinda 0,2 l",
            "desc": "",
            "price": "€3.00\nExcl. €0.10 deposit"
          },
          {
            "name": "7UP 0,2 l",
            "desc": "",
            "price": "€3.00\nExcl. €0.10 deposit"
          },
          {
            "name": "Sidras Magners Alkohol Free 0,33 l",
            "desc": "",
            "price": "€4.50\nExcl. €0.10 deposit"
          },
          {
            "name": "Clausthaler Unfiltered nealkoholinis alus 0,33 l",
            "desc": "",
            "price": "€4.00\nExcl. €0.10 deposit"
          },
          {
            "name": "Clausthaler Lemon 0,33 l",
            "desc": "Nealkoholinis alaus kokteilis",
            "price": "€4.00\nExcl. €0.10 deposit"
          },
          {
            "name": "Clausthaler Grapefruit 0,33 l",
            "desc": "Nealkoholinis alaus kokteilis",
            "price": "€4.00\nExcl. €0.10 deposit"
          },
          {
            "name": "Scotty West Raspberry Ginger beer 0,33 l",
            "desc": "",
            "price": "€4.00\nExcl. €0.10 deposit"
          },
          {
            "name": "Scotty West Ginger beer 0,33 l",
            "desc": "",
            "price": "€4.00\nExcl. €0.10 deposit"
          }
        ]
      },
      {
        "category": "Alkoholiniai gėrimai - Alus",
        "items": [
          {
            "name": "Alus Mėnulio tako kvietinis 0,33 l (1)",
            "desc": "Mažas alaus cechas. Vartodami alkoholį, rizikuojate savo sveikata, šeimos ir visuomenės gerove",
            "price": "€4.50\n(5.2% vol)"
          },
          {
            "name": "Alus Schöfferhofer Kristall 0,5 l (2)",
            "desc": "Vartodami alkoholį, rizikuojate savo sveikata, šeimos ir visuomenės gerove",
            "price": "€5.30\n(5% vol)"
          },
          {
            "name": "Alus Tucher Helles Hefe Weizen 0,5 l (8)",
            "desc": "Vartodami alkoholį, rizikuojate savo sveikata, šeimos ir visuomenės gerove",
            "price": "€5.50\n(5.2% vol)"
          },
          {
            "name": "Alus Klosterbier Weisse Dunkel 0,5 l (12)",
            "desc": "Vartodami alkoholį, rizikuojate savo sveikata, šeimos ir visuomenės gerove",
            "price": "€5.40\n(5.5% vol)"
          },
          {
            "name": "Fullers London Porter 0,5 l",
            "desc": "Vartodami alkoholį, rizikuojate savo sveikata, šeimos ir visuomenės gerove",
            "price": "€5.90\n(5.4% vol)"
          },
          {
            "name": "Alus Old Speckled Hen 0,5 l (64)",
            "desc": "Vartodami alkoholį, rizikuojate savo sveikata, šeimos ir visuomenės gerove",
            "price": "€5.40\n(5% vol)"
          },
          {
            "name": "Alus Klostersheyern Pokulator 0,5 l (68)",
            "desc": "Vartodami alkoholį, rizikuojate savo sveikata, šeimos ir visuomenės gerove",
            "price": "€5.40\n(7.6% vol)"
          },
          {
            "name": "Alus Tennent's Whiskey Oak Scottish 0,33 l (71)",
            "desc": "Vartodami alkoholį, rizikuojate savo sveikata, šeimos ir visuomenės gerove",
            "price": "€4.80\n(6% vol)"
          },
          {
            "name": "Alus Mažas alaus cechas Pievų rūko 0,33 l (80)",
            "desc": "Vartodami alkoholį, rizikuojate savo sveikata, šeimos ir visuomenės gerove",
            "price": "€4.50\n(5.2% vol)"
          },
          {
            "name": "Alus Jever Pilsner 0,33 l (81)",
            "desc": "Vartodami alkoholį, rizikuojate savo sveikata, šeimos ir visuomenės gerove",
            "price": "€4.50\n(4.9% vol)"
          },
          {
            "name": "Alus Kirin Ichiban 0,33 l (83)",
            "desc": "Vartodami alkoholį, rizikuojate savo sveikata, šeimos ir visuomenės gerove",
            "price": "€4.20\n(5% vol)"
          },
          {
            "name": "Alus Natakhtari Premium 0,5 l (87)",
            "desc": "Vartodami alkoholį, rizikuojate savo sveikata, šeimos ir visuomenės gerove",
            "price": "€5.30\n(5% vol)"
          },
          {
            "name": "Alus Radeberger Pilsener 0,5 l (88)",
            "desc": "Vartodami alkoholį, rizikuojate savo sveikata, šeimos ir visuomenės gerove",
            "price": "€5.40\n(4.8% vol)"
          },
          {
            "name": "Alus Krombacher Pils 0,5 l (93)",
            "desc": "Vartodami alkoholį, rizikuojate savo sveikata, šeimos ir visuomenės gerove",
            "price": "€5.30\n(4.8% vol)"
          },
          {
            "name": "Alus Tsingtao 0,33 l (94)",
            "desc": "Vartodami alkoholį, rizikuojate savo sveikata, šeimos ir visuomenės gerove",
            "price": "€4.60\n(4.7% vol)"
          },
          {
            "name": "Alus Westmalle Dubbel 0,33 l (111)",
            "desc": "Vartodami alkoholį, rizikuojate savo sveikata, šeimos ir visuomenės gerove",
            "price": "€6.60\n(7% vol)"
          },
          {
            "name": "Alus Westmalle Tripel 0,33 l (112)",
            "desc": "Vartodami alkoholį, rizikuojate savo sveikata, šeimos ir visuomenės gerove",
            "price": "€6.60\n(9.5% vol)"
          },
          {
            "name": "Alus Rochefort 6° 0,33 l (113)",
            "desc": "Vartodami alkoholį, rizikuojate savo sveikata, šeimos ir visuomenės gerove",
            "price": "€6.50\n(7.5% vol)"
          },
          {
            "name": "Alus Rochefort 8° 0,33 l (114)",
            "desc": "Vartodami alkoholį, rizikuojate savo sveikata, šeimos ir visuomenės gerove",
            "price": "€6.50\n(11.3% vol)"
          },
          {
            "name": "Alus Lindemans Faro 0,25 l (136)",
            "desc": "Vartodami alkoholį, rizikuojate savo sveikata, šeimos ir visuomenės gerove",
            "price": "€4.90\n(4.5% vol)"
          },
          {
            "name": "Alus Lindemans Casis 0,25 l (141)",
            "desc": "Vartodami alkoholį, rizikuojate savo sveikata, šeimos ir visuomenės gerove",
            "price": "€4.90\n(3.5% vol)"
          },
          {
            "name": "Alus Lindemans Gueuze 0,25 l (137)",
            "desc": "Vartodami alkoholį, rizikuojate savo sveikata, šeimos ir visuomenės gerove",
            "price": "€4.90\n(5% vol)"
          },
          {
            "name": "Alus Lindemans Framboise 0,25 l (140)",
            "desc": "Vartodami alkoholį, rizikuojate savo sveikata, šeimos ir visuomenės gerove",
            "price": "€4.90\n(2.5% vol)"
          },
          {
            "name": "Alus Lindemans Pecheresse 0,25 l (142)",
            "desc": "Vartodami alkoholį, rizikuojate savo sveikata, šeimos ir visuomenės gerove",
            "price": "€4.90\n(2.5% vol)"
          },
          {
            "name": "Alus Fullers Indian Pale Ale 0,5 l",
            "desc": "Vartodami alkoholį, rizikuojate savo sveikata, šeimos ir visuomenės gerove",
            "price": "€5.90\n(5.3% vol)"
          },
          {
            "name": "Sidras Magners Pear 0,33 l (75)",
            "desc": "Vartodami alkoholį, rizikuojate savo sveikata, šeimos ir visuomenės gerove",
            "price": "€4.50\n(4.5% vol)"
          },
          {
            "name": "Sidras Thatchers Somerset Gold 0,5 l (76)",
            "desc": "Vartodami alkoholį, rizikuojate savo sveikata, šeimos ir visuomenės gerove",
            "price": "€5.90\n(4.8% vol)"
          },
          {
            "name": "Sidras Chaplin & Cork's Somerset Vintage 0,5 l (79)",
            "desc": "Vartodami alkoholį, rizikuojate savo sveikata, šeimos ir visuomenės gerove",
            "price": "€5.90\n(8.2% vol)"
          },
          {
            "name": "Alus Mažas alaus cechas Laužo liepsna 0,33 l(104)",
            "desc": "Vartodami alkoholį, rizikuojate savo sveikata, šeimos ir visuomenės gerove",
            "price": "€4.50\n(8.2% vol)"
          },
          {
            "name": "Alus DAB Dark 0,5 l (105)",
            "desc": "Vartodami alkoholį, rizikuojate savo sveikata, šeimos ir visuomenės gerove",
            "price": "€4.90\n(4.9% vol)"
          },
          {
            "name": "Krombacher Dark 0,5 l (107)",
            "desc": "Vartodami alkoholį, rizikuojate savo sveikata, šeimos ir visuomenės gerove",
            "price": "€5.30\n(4.7% vol)"
          },
          {
            "name": "Alus Schöfferhofer Hefeweizen 0,5 l (3)",
            "desc": "Vartodami alkoholį, rizikuojate savo sveikata, šeimos ir visuomenės gerove",
            "price": "€5.30\n(5% vol)"
          }
        ]
      }
    ]
  },
  {
    "address": "Vokiečių g. 11",
    "location": [
      25.2838923,
      54.6797453
    ],
    "name": "Bon Chop",
    "rating": {
      "rating": 4,
      "score": 9.8
    },
    "short_description": "Aukščiausios kokybės jautiena ir ėriena iš pasaulio",
    "id": "bon-chop",
    "tags": [
      "didkepsniai",
      "steakhouse",
      "fine-dining"
    ],
    "distance": "0.6 km",
    "duration": 8,
    "menu": [
      {
        "category": "Vienkartinių įrankių rinkinys",
        "items": [
          {
            "name": "Vienkartinių įrankių rinkinys",
            "desc": "",
            "price": "€0.25\n(1 pc, €0.25/pc)"
          }
        ]
      },
      {
        "category": "Grill patiekalai ir steikai",
        "items": [
          {
            "name": "Keptas brandintos jautienos maltinis 160g su grilintomis bulvytėmis",
            "desc": "Brandinta, vėsinta urugvajieška mentė, prieskoniai, be konservantų",
            "price": "€20.00"
          },
          {
            "name": "Keptas brandintos jautienos maltinis 160g su grilintomis daržovėmis",
            "desc": "Brandinta, vėsinta urugvajieška mentė, prieskoniai, be konservantų",
            "price": "€20.00"
          },
          {
            "name": "Keptos wagyu jautienos dešrelės 5 vnt. 300g su grilintomis bulvytėmis",
            "desc": "Brandinta, vėsinta urugvajieška mentė, prieskoniai, be konservantų",
            "price": "€26.00"
          },
          {
            "name": "Keptos wagyu jautienos dešrelės 5 vnt. 300g su grilintomis daržovėmis",
            "desc": "Brandinta, vėsinta urugvajieška mentė, prieskoniai, be konservantų",
            "price": "€26.00"
          },
          {
            "name": "Keptos wagyu jautienos dešrelės su čili 5 vnt. 300g su grilintomis bulvytėmis",
            "desc": "Brandinta, vėsinta urugvajieška mentė, prieskoniai, be konservantų",
            "price": "€26.00"
          },
          {
            "name": "Keptos wagyu jautienos dešrelės su čili 5 vnt. 300g su grilintomis daržovėmis",
            "desc": "Brandinta, vėsinta urugvajieška mentė, prieskoniai, be konservantų",
            "price": "€26.00"
          },
          {
            "name": "Keptos veršienos dešrelės su juodaisiais trumais ir grilintomis bulvytemis",
            "desc": "2 vnt. apie 170g",
            "price": "€28.00"
          },
          {
            "name": "Keptos veršienos dešrelės su juodaisiais trumais ir grilintomis daržovėmis",
            "desc": "2 vnt. apie 170g",
            "price": "€28.00"
          },
          {
            "name": "Kepti ėrienos šonkauliukai 4-5 vnt. 250g",
            "desc": "Vėsinti, Naujoji Zelandija",
            "price": "€25.50"
          },
          {
            "name": "Keptas jautienos nugarinės steikas Ribeye 250g",
            "desc": "Brandintas, vėsintas žole ir grūdais maitintas Angus Ox",
            "price": "€33.00"
          },
          {
            "name": "Keptas jautienos nugarinės steikas Striploin 250g",
            "desc": "Brandintas, vėsintas žole ir grūdais maitintas Angus Ox",
            "price": "€33.00"
          },
          {
            "name": "Keptas jautienos išpjovos steikas Tenderloin 200g",
            "desc": "Brandintas, vėsintas žole ir grūdais maitintas Angus Ox",
            "price": "€30.00"
          }
        ]
      },
      {
        "category": "Garnyrai",
        "items": [
          {
            "name": "Grilintos bulvytės",
            "desc": "",
            "price": "€6.00"
          },
          {
            "name": "Grilintos daržovės",
            "desc": "",
            "price": "€6.00"
          },
          {
            "name": "Raudonojo kopūsto salotos su tahini ir granatų padažu",
            "desc": "",
            "price": "€8.00"
          },
          {
            "name": "Žaliosios salotos",
            "desc": "Salotų lapų miksas, kapario uogos, moliūgo sėklos, balzamiko vinegretas",
            "price": "€9.50"
          },
          {
            "name": "Šviežių daržovių salotos",
            "desc": "Salotų lapų miksas, vyšniniai pomidorai, agurkas, baltasis ridikas",
            "price": "€10.50"
          }
        ]
      },
      {
        "category": "Jautiena steikams",
        "items": [
          {
            "name": "Jautienos nugarinės Ribeye pjausnys 250g",
            "desc": "Vėsinta, Urugvajus",
            "price": "€28.00"
          },
          {
            "name": "Jautienos nugarinės Striploin pjausnys 250g",
            "desc": "Vėsinta, Urugvajus",
            "price": "€30.00"
          },
          {
            "name": "Ėrienos nugarinės su kaulu pjausnys 300g",
            "desc": "Vėsinta, N.Zelandija",
            "price": "€25.00"
          }
        ]
      },
      {
        "category": "Pusgaminiai / gaminiai",
        "items": [
          {
            "name": "Brandintos jautienos maltinis",
            "desc": "",
            "price": "€10.00"
          },
          {
            "name": "Brandintos jautienos dešrelės 5 vnt. apie 300g",
            "desc": "",
            "price": "€15.60"
          },
          {
            "name": "Brandintos jautienos dešrelės su čili 5 vnt. apie 300g",
            "desc": "",
            "price": "€15.60"
          },
          {
            "name": "Veršienos kepenų paštetas 120ml",
            "desc": "",
            "price": "€10.50"
          }
        ]
      },
      {
        "category": "Gėrimai",
        "items": [
          {
            "name": "Fentimans Cola 0,275 l",
            "desc": "",
            "price": "€5.50"
          },
          {
            "name": "Fentimans Rose Lemonade 0,275 l",
            "desc": "Rožių limonadas",
            "price": "€5.50"
          },
          {
            "name": "Fentimans Elderflower 0,275 l",
            "desc": "Limonadas su šeivamedžio ekstraktu",
            "price": "€5.50"
          }
        ]
      }
    ]
  },
  {
    "address": "Palangos g. 2",
    "location": [
      25.277473032474518,
      54.68289608741407
    ],
    "name": "Eat More Chinese & Shimai Sushi (Palangos g.)",
    "rating": {
      "rating": 3,
      "score": 9
    },
    "short_description": "Sushi ir kinų virtuvė | Šis restoranas priklauso ir jį valdo UAB Ronelta, kuri yra atsakinga už parduodamas prekes. Visą informaciją apie parduodamus produktus pateikia pardavėjas",
    "id": "emc-shimai-palangos",
    "tags": [
      "azijietiška",
      "kiniška",
      "japoniška"
    ],
    "distance": "0.5 km",
    "duration": 7,
    "menu": [
      {
        "category": "Wolt Specials",
        "items": [
          {
            "name": "💙 Miso sriuba + California (8 vnt.)",
            "desc": "Tik Wolt+ nariams. Miso sultinys, tofu, Sengu grybai, jūržolė, svogūnų laiškai + Krabų lazdelės, avokadas, sūrio kremas, masago ikrai",
            "price": "€8.68\n12.40"
          },
          {
            "name": "⭐️ Miso sriuba + California (8 vnt.)",
            "desc": "Miso sultinys, tofu, Sengu grybai, jūržolė, svogūnų laiškai + Krabų lazdelės, avokadas, sūrio kremas, masago ikrai",
            "price": "€9.90\n12.40"
          }
        ]
      },
      {
        "category": "Combo pasiūlymai",
        "items": [
          {
            "name": "Ramen su vištiena 🌶 + Nefiltruota tauro gira 0,5 l",
            "desc": "Ramen sultinys, kiaušininiai makaronai, Teriyaki padaže kepta vištienos filė, Teriyaki padaže karamelizuoti Sengu grybai ir pievagrybiai, marinuotas kiaušinis, švieži aitrieji pipirai, svogūnų laiškai, sezamo sėklos + Nefiltruota tauro gira 0,5 l",
            "price": "€10.64\n13.10"
          },
          {
            "name": "Bowlas su traškia vištiena+EKO Kombučia BŪKČIA \"Su kadagiais ir citrina\" 0.33 l",
            "desc": "Traški vištienos filė, edamame pupelės, agurkai, wakame salotos, švieži sojų daigai, avokadai, marinuotas imbieras, masago ikrai, sezamų sėklos, ryžiai, ryžių padažas, teriyaki padažas + EKO Kombučia BŪKČIA \"Su kadagiais ir citrina\" 0.33 l",
            "price": "€11.32\n14.00"
          }
        ]
      },
      {
        "category": "Specialūs pasiūlymai",
        "items": [
          {
            "name": "Miso Shiru",
            "desc": "Miso sultinys, tofu, Sengu grybai, jūržolė, svogūnų laiškai",
            "price": "€4.12\n5.10"
          },
          {
            "name": "7. Yasai",
            "desc": "Avokadas, agurkas, pomidoras, Iceberg salotos, sūrio kremas",
            "price": "€5.36\n6.60"
          },
          {
            "name": "9. California",
            "desc": "Krabų lazdelės, avokadas, sūrio kremas, masago ikrai",
            "price": "€5.92\n7.30"
          },
          {
            "name": "12. Ebi Goma",
            "desc": "Tigrinės krevetės, sūrio kremas, avokadas, sezamas",
            "price": "€6.72\n8.30"
          },
          {
            "name": "19. Ebi Wakame",
            "desc": "Tigrinės krevetės, wakame salotos, agurkas, Iceberg salotos, švelnus padažas, sezamo sėklos",
            "price": "€6.72\n8.30"
          },
          {
            "name": "29. Yasai Maki Tempura (karštas)",
            "desc": "Paprika, agurkas, morkos, Iceberg salotos, švelnus padažas",
            "price": "€5.36\n6.60"
          },
          {
            "name": "Traški vištiena Gua Bao",
            "desc": "Traški vištiena, saldžiarūgštis padažas, sezamo sėklos",
            "price": "€7.46\n9.20"
          },
          {
            "name": "Vištienos blauzdelių kepsniukai su daržovėmis",
            "desc": "Traškūs vištienos blauzdelių kepsniukai, paprika, šparaginės pupelės, morkos, cukinija, pievagrybiai, juodieji kiniški grybai, Teriyaki padažas",
            "price": "€7.46\n9.20"
          },
          {
            "name": "Kiauliena su daržovėmis 🌶",
            "desc": "Kiaulienos kumpio juostelės, morkos, paprika, juodieji kiniški grybai, pekino padažas",
            "price": "€7.46\n9.20"
          },
          {
            "name": "Kiaušininiai makaronai su vištiena ir teriyaki padažu",
            "desc": "Vištienos filė gabaliukai, kiaušininiai makaronai, morkos, paprika, šparaginės pupelės, cukinija, juodieji kiniški grybai, Teriyaki padažas, sezamo sėklos",
            "price": "€8.34\n10.30"
          },
          {
            "name": "Tom Yum su jautiena ir tigrinėmis krevetėmis 🌶🌶🌶",
            "desc": "Jautienos nugarinė, tigrinės krevetės, sojų makaronai, pievagrybiai, svogūnų laiškai, aštrus jautienos sultinys",
            "price": "€9.27\n11.45"
          }
        ]
      },
      {
        "category": "Naujienos",
        "items": [
          {
            "name": "M1. \"Spring rolls\" su mangais ir kepintomis migdolų riekelėmis",
            "desc": "Šviežias mangas, kepintos migdolų riekelės, karamelės padažas",
            "price": "€8.30"
          },
          {
            "name": "M2. Karai lašišos tartaras su mangais, avokadais ir mėlynųjų ridikėlių daigais🌶",
            "desc": "Lašišos filė, karai padažas, avokadai, šviežias mangas, sushi ryžiai, tempura traškučiai, masago ikrai, mėlynųjų ridikėlių daigai, \"ponzu\" padažas",
            "price": "€10.40"
          },
          {
            "name": "M3. \"Shimai\" salotos su tigrinėmis krevetėmis 🌶",
            "desc": "Tigrinės krevetės, kepta vištienos filė, sojų makaronai, morkos, agurkai, sadžiarūgštis padažas, čili aliejus, kepintos sezamo sėklos",
            "price": "€10.50"
          },
          {
            "name": "M4. \"Gochujang\" udon makaronai su jautiena 🌶🌶🌶",
            "desc": "Jautienos nugarinė, udon makaronai, svogūnai, salierų stiebai, brokoliai, cukinijos, Sengu grybai, paprika, \"Gochujang\" padažas, kepintos sezmamo sėklos",
            "price": "€11.40"
          },
          {
            "name": "M5. Ramen su teriyaki antienos filė 🌶",
            "desc": "Ramen sultinys, kiaušininiai makaronai, Teriyaki padaže kepta antienos filė, Teriyaki padaže karamelizuoti Sengu grybai ir pievagrybiai, marinuotas kiaušinis, švieži aitrieji pipirai, svogūnų laiškai, kepintos sezamų sėklos",
            "price": "€11.70"
          },
          {
            "name": "M6. Traškių tigrinių krevečių bowl'as su daržovėmis",
            "desc": "Traškios tigrinės krevetės, sushi ryžiai, Teriyaki padažas, edamame pupelės, agurkai, wakame salotos, sojų daigai, mėlynųjų ridikėlių daigai, kepintos sezamų sėklos",
            "price": "€10.50"
          },
          {
            "name": "M7. Teriyaki antienos filė bowl'as su daržovėmis",
            "desc": "Kepta antienos filė Teriyaki padaže, sushi ryžiai, Teriyaki padažas, edamame pupelės, agurkai, wakame salotos, sojų daigai, mėlynųjų ridikėlių daigai, kepintos sezamų sėklos",
            "price": "€11.50"
          },
          {
            "name": "M8. Salmon amondo maki",
            "desc": "Lašišos filė, avokadai, agurkai, švelnus padažas, kepintos migdolų riekelės",
            "price": "€10.30"
          },
          {
            "name": "M9. Maguro avokado katsuobushi maki",
            "desc": "Tuno filė, avokadai, sūrio kremas, tuno drožlės, \"Katsuobushi\"",
            "price": "€10.30"
          },
          {
            "name": "M10. Antienos filė su \"Pac choi\" salotomis ir teriyaki padažu 🌶",
            "desc": "Antienos filė, česnakai, švieži aitrieji čili pipirai, edamame pupelės, \"Pac choi\" salotos, švieži sojų daigai, Teriyaki padažas, šviežia kalendra, ryžiai",
            "price": "€15.40"
          }
        ]
      },
      {
        "category": "Šefas rekomenduoja",
        "items": [
          {
            "name": "N1. Ebi sake wakame maki",
            "desc": "tigrinės krevetės keptos tempura tešloje, lašišos filė, sūrio kremas, avokadai, wakame salotos, sezamai",
            "price": "€11.30"
          },
          {
            "name": "N2. Unagi masago maki",
            "desc": "ungurio filė, žuvų skraiduolių ikrai, agurkai, sūrio kremas, kepinti svogūnai, kepti žemės riešutai, sezamai, teriyaki padažas",
            "price": "€11.30"
          },
          {
            "name": "N3. Ebi kajgan",
            "desc": "tigrinės krevetės keptos panko džūvėsėliuose, žuvų skraiduolių ikrai, agurkai, sūrio kremas, iceberg salotos, tuno drožlės katsuobushi",
            "price": "€11.30"
          },
          {
            "name": "N4. Panko ebi wakame maki",
            "desc": "tigrinės krevetės, lašišos filė, žuvų skraiduolių ikrai, wakame salotos, karai padažas, panko džiūvėsėliai",
            "price": "€11.30"
          }
        ]
      },
      {
        "category": "Bowl'ai",
        "items": [
          {
            "name": "B1 Bowlas su traškia lašiša",
            "desc": "Traški lašišos filė, edamame pupelės, agurkai, wakame salotos, švieži sojų daigai, avokadai, marinuotas imbieras, masago ikrai, sezamų sėklos, ryžiai, ryžių padažas, teriyaki padažas",
            "price": "€10.50"
          },
          {
            "name": "B2 Bowlas su karai lašiša 🌶",
            "desc": "Karai lašišos filė, edamame pupelės, agurkai, wakame salotos, švieži sojų daigai, avokadai, marinuotas imbieras, masago ikrai, sezamų sėklos, ryžiai, ryžių padažas, teriyaki padažas",
            "price": "€10.50"
          },
          {
            "name": "B3 Bowlas su traškiomis tigrinėmis krevetėmis",
            "desc": "Traškios tigrinės krevetės, edamame pupelės, agurkai, wakame salotos, švieži sojų daigai, avokadai, marinuotas imbieras, masago ikrai, sezamų sėklos, ryžiai, ryžių padažas, teriyaki padažas",
            "price": "€10.50"
          },
          {
            "name": "B4 Bowlas su traškia sviestažuve",
            "desc": "Traški sviestažuvės filė, edamame pupelės, agurkai, wakame salotos, švieži sojų daigai, avokadai, marinuotas imbieras, masago ikrai, sezamų sėklos, ryžiai, ryžių padažas, teriyaki padažas",
            "price": "€10.50"
          },
          {
            "name": "B5 Bowlas su traškia vištiena",
            "desc": "Traški vištienos filė, edamame pupelės, agurkai, wakame salotos, švieži sojų daigai, avokadai, marinuotas imbieras, masago ikrai, sezamų sėklos, ryžiai, ryžių padažas, teriyaki padažas",
            "price": "€10.50"
          }
        ]
      },
      {
        "category": "Vegetariški patiekalai",
        "items": [
          {
            "name": "Baklažanai su traškia plutele 🌶",
            "desc": "Baklažanų juostelės, morkos, paprika, juodieji kiniški grybai, pekino padažas",
            "price": "€8.10"
          },
          {
            "name": "Daržovių \"Donburi\" su austrių padažu ir ryžiais",
            "desc": "Brokoliai, morkos, šparaginės pupelės, cukinijos, šilbaravykiai, žemės riešutai, austrių padažas, šviežia kalendra, virti ryžiai",
            "price": "€8.50"
          },
          {
            "name": "Kiaušininiai makaronai su daržovėmis",
            "desc": "Kiaušininiai makaronai, keptas kiaušinis, paprika, brokoliai, cukinija, morkos, juodieji kiniški grybai, pievagrybiai, sojos padažas, sezamo sėklos",
            "price": "€9.20"
          }
        ]
      },
      {
        "category": "Vištienos patiekalai",
        "items": [
          {
            "name": "Pekino vištiena 🌶",
            "desc": "Vištiena, pekino padažas, porai",
            "price": "€9.20"
          },
          {
            "name": "Vištienos vyšnaitės",
            "desc": "Traški vištiena, žirneliai, saldžiarūgštis pomidorinis padažas",
            "price": "€9.20"
          },
          {
            "name": "Vištienos Vyšnaitės su Pekino padažu 🌶",
            "desc": "Traški vištiena, pekino padažas",
            "price": "€9.20"
          },
          {
            "name": "Vištiena Gong Bao 🌶🌶",
            "desc": "Vištienos filė gabaliukai, kepinti žemės riešutai, paprika, morkos, aštrus sojos padažas",
            "price": "€9.20"
          },
          {
            "name": "Vištiena Ziran 🌶",
            "desc": "Vištienos filė juostelės, morkos, paprika, svogūnai, salierai, kumino prieskoniai, sezamo aliejus",
            "price": "€9.20"
          },
          {
            "name": "Vištienos blauzdelių kepsniukai su kiniškais grybais",
            "desc": "Traškūs vištienos blauzdelių kepsniukai, šparaginės pupelės, morkos, cukinija, pievagrybiai, juodieji kiniški grybai, Sengu grybai, austrių padažas",
            "price": "€9.20"
          },
          {
            "name": "Vištiena su tigrinėmis krevetėmis",
            "desc": "Vištienos filė juostelės, tigrinės krevetės, Teriyaki padažas, sezamo sėklos",
            "price": "€11.40"
          }
        ]
      },
      {
        "category": "Kiaulienos patiekalai",
        "items": [
          {
            "name": "Kiauliena Dong Rou",
            "desc": "Kiaulienos kumpio juostelės, konservuotas bambukas, Sengu grybai, paprika, morkos, cukinija, austrių padažas",
            "price": "€9.20"
          },
          {
            "name": "Kiauliena su kiniškais grybais",
            "desc": "Kiaulienos kumpio juostelės, juodieji kiniški grybai, pievagrybiai, morkos, paprika, cukinija, Sengu grybai, austrių padažas",
            "price": "€9.20"
          },
          {
            "name": "Kiauliena su baklažanais 🌶",
            "desc": "Kiaulienos kumpio juostelės, baklažanai, morkos, pekino padažas, austrių padažas, porai",
            "price": "€9.20"
          },
          {
            "name": "Kiauliena su kimchi kopūstais 🌶",
            "desc": "kiaulienos kumpis, kimchi marinuoti kininiai kopūstai, svogūnai, austrių padažas, svogūnų laiškai, sezamo sėklos",
            "price": "€9.20"
          }
        ]
      },
      {
        "category": "Jautienos patiekalai",
        "items": [
          {
            "name": "Jautiena su daržovėmis 🌶",
            "desc": "Jautienos nugarinės juostelės, morkos, paprika, juodieji kiniški grybai, pekino padažas",
            "price": "€12.50"
          },
          {
            "name": "Jautiena Ziran 🌶🌶",
            "desc": "Jautienos nugarinės gabaliukai, paprika, svogūnai, salierai, morkos, kumino prieskoniai, sezamo aliejus",
            "price": "€12.50"
          },
          {
            "name": "Jautiena su anakardžių riešutais 🌶",
            "desc": "Traškūs jautienos nugarinės gabaliukai, kepinti anakardžio riešutai, čili prieskoniai, porai, česnakas, sezamo aliejus, aštrus sojos padažas",
            "price": "€12.50"
          },
          {
            "name": "Jautiena su tigrinėmis krevetėmis",
            "desc": "Jautienos nugarinės juostelės, tigrinės krevetės, Teriyaki padažas, sezamo sėklos",
            "price": "€14.70"
          }
        ]
      },
      {
        "category": "Žuvies ir jūros gėrybių patiekalai",
        "items": [
          {
            "name": "Menkių vyšnaitės",
            "desc": "Traški menkės filė, žirneliai, paprika, saldžiarūgštis pomidorinis padažas",
            "price": "€9.90"
          },
          {
            "name": "Menkių Gong Bao 🌶🌶",
            "desc": "Traški menkės filė, morkos, paprika, kepinti žemės riešutai, salierai, aštrus sojos padažas",
            "price": "€9.90"
          },
          {
            "name": "Menkių kepsniukai su daržovėmis",
            "desc": "Traški menkės filė, cukinija, juodieji kiniški grybai, morkos, pievagrybiai, paprika, Teriyaki padažas",
            "price": "€9.90"
          },
          {
            "name": "Traškios jūros gėrybės su daržovėmis",
            "desc": "Traškios jūros gerybės, paprika, morkos, salierai, Teriyaki padažas, sezamo sėklos",
            "price": "€11.00"
          }
        ]
      },
      {
        "category": "Wok makaronai",
        "items": [
          {
            "name": "Ryžių makaronai su vištiena ir Pekino padažu 🌶",
            "desc": "Vištienos filė gabaliukai, ryžių makaronai, morkos, paprika, cukinija, šparaginės pupelės, juodieji kiniški grybai, pievagrybiai, pekino padažas, sezamo sėklos",
            "price": "€10.30"
          },
          {
            "name": "Ryžių makaronai su jautiena ir austrių padažu",
            "desc": "Jautienos nugarinės gabaliukai, ryžių makaronai, paprika, morkos, šparaginės pupelės, juodieji kiniški grybai, Sengu grybai, austrių padažas, sezamo sėklos",
            "price": "€11.40"
          },
          {
            "name": "Kiaušininiai makaronai su kiauliena ir austrių padažu 🌶",
            "desc": "Kiaulienos kumpio gabaliukai, kiaušininiai makaronai, morkos, paprika, cukinija, juodieji kiniški grybai, aštrus austrių padažas, sezamo sėklos",
            "price": "€10.30"
          },
          {
            "name": "Kiaušininiai makaronai su vištiena ir \"gochujang\" padažu 🌶🌶",
            "desc": "Vištienos filė, kiaušininiai makaronai, morkos, paprika, šparaginės pupelės, cukinija, juodieji kiniški grybai, Gochujang padažas, sezamo sėklos",
            "price": "€10.30"
          },
          {
            "name": "Kiaušininiai makaronai su tigrinėmis Krevetėmis ir teriyaki padažu",
            "desc": "Tigrinės krevetės, kiaušininiai makaronai, morkos, paprika, šparaginės pupelės, cukinija, juodieji kiniški grybai, pievagrybiai, Teriyaki padažas, sezamo sėklos",
            "price": "€11.40"
          }
        ]
      },
      {
        "category": "Vegetariški sushi (8 vnt.)",
        "items": [
          {
            "name": "1. Kappa Maki",
            "desc": "Agurkas, sezamas",
            "price": "€3.30"
          },
          {
            "name": "2. Avocado Maki",
            "desc": "Avokadas",
            "price": "€3.30"
          },
          {
            "name": "3. Kaiso Maki",
            "desc": "Wakame salotos",
            "price": "€3.30"
          }
        ]
      },
      {
        "category": "Sushi (8 vnt.)",
        "items": [
          {
            "name": "4. Sake Maki",
            "desc": "Lašiša",
            "price": "€3.90"
          },
          {
            "name": "5. Managatsuo Maki",
            "desc": "Sviestažuvė",
            "price": "€3.90"
          },
          {
            "name": "6. Maguro Maki",
            "desc": "Tunas",
            "price": "€3.90"
          },
          {
            "name": "8. Sake Tempura",
            "desc": "Lašiša, sezamas, agurkas, tempura džiuvėsėliai, švelnus padažas",
            "price": "€6.60"
          },
          {
            "name": "10. Philadelphia",
            "desc": "Lašiša, krabų lazdelės, agurkas, sūrio kremas",
            "price": "€7.30"
          },
          {
            "name": "11. Karai Maguro 🌶",
            "desc": "Tunas, karai padažas, avokadas, sezamas",
            "price": "€8.30"
          },
          {
            "name": "13. Salad Sake",
            "desc": "Lašiša, sūrio kremas, Iceberg salotos, pomidoras, avokadas",
            "price": "€8.30"
          },
          {
            "name": "14. Sake Masago",
            "desc": "Masago ikrai, lašiša, avokadas, agurkas, švelnus padažas",
            "price": "€8.30"
          },
          {
            "name": "15. Shiro",
            "desc": "Sviestažuvė, krabų lazdelės, avokadas, pomidoras, Iceberg salotos, sūrio kremas",
            "price": "€8.30"
          },
          {
            "name": "16. Super California",
            "desc": "Tigrinės krevetės, sūrio kremas, avokadas, masago wasabi ikrai",
            "price": "€8.30"
          },
          {
            "name": "17. Rainbow",
            "desc": "Tunas, lašiša, ungurys, sviestažuvė, krabų lazdelės, avokadas, agurkas, masago ikrai",
            "price": "€9.30"
          },
          {
            "name": "18. Salad Maguro",
            "desc": "Tunas, sūrio kremas, agurkas, pomidoras, salotos",
            "price": "€8.30"
          },
          {
            "name": "20. Sake Managatsuo 🌶",
            "desc": "Sviestažuvė, lašiša, tigrinės krevetės, avokadas, karai padažas",
            "price": "€8.30"
          },
          {
            "name": "21. Sake Sake",
            "desc": "Lašiša, agurkas, tempura džiūvėsėliai, švelnus padažas, sezamo sėklos",
            "price": "€8.30"
          },
          {
            "name": "22. Karai Maguro Managatsuo 🌶",
            "desc": "Tunas, sviestažuvė, agurkas, karai padažas, tempura džiūvėsėliai",
            "price": "€9.90"
          },
          {
            "name": "23. Sake Maguro",
            "desc": "Lašiša, tunas, masago ikrai, agurkas, avokadas, švelnus padažas, sezamo sėklos",
            "price": "€9.90"
          },
          {
            "name": "24. Junsui Managatso",
            "desc": "Lašiša, sviestažuvė, agurkas, avokadas, sūrio kremas",
            "price": "€9.30"
          },
          {
            "name": "25. Junsui Sake Maguro",
            "desc": "Lašiša, tunas, avokadas",
            "price": "€9.30"
          },
          {
            "name": "26. Sugoi Ebi",
            "desc": "Tigrinės krevetės, ungurys, sviestažuvė, avokadas, sūrio kremas",
            "price": "€9.30"
          },
          {
            "name": "27. Sugoi Sake Unagi",
            "desc": "Ungurys, lašiša, agurkas, tempura džiūvėsėliai, švelnus padažas, Teriyaki padažas, sezamo sėklos",
            "price": "€9.30"
          },
          {
            "name": "28. Dragon",
            "desc": "Ungurys, tigrinės krevetės, agurkas, masago ikrai, sūrio kremas, Teriyaki padažas, sezamo sėklos",
            "price": "€9.90"
          },
          {
            "name": "58. Yaki Samon",
            "desc": "Kepta lašišos filė, švelnus padažas, terijakio padažas, paprikos, aisbergo salotos, sezamai",
            "price": "€8.30"
          },
          {
            "name": "59. Karai Tsunakan",
            "desc": "Konservuotas tunas, karai padažas, morkos, agurkai",
            "price": "€6.30"
          },
          {
            "name": "60. Yasaiitame",
            "desc": "Tempuroje keptos šparaginės pupelės, tempuroje keptos paprikos, svogūnų traškučiai, pomidorai, aisbergo salotos, karai padažas, raudoni ikrai",
            "price": "€7.30"
          }
        ]
      },
      {
        "category": "Karšti sushi (10 vnt.)",
        "items": [
          {
            "name": "30. Sake Maki Tempura (karštas)",
            "desc": "Lašiša, agurkas, masago wasabi ikrai, Iceberg salotos, švelnus padažas",
            "price": "€7.60"
          },
          {
            "name": "31. Managatsuo Maki Tempura (karštas)",
            "desc": "Sviestažuvė, agurkas, masago ikrai, sūrio kremas",
            "price": "€7.60"
          },
          {
            "name": "32. Ebi Tempura Kabajaki (karštas)",
            "desc": "Tigrinės krevetės, masago ikrai, teriyaki padažas, švelnus padažas, salotos, agurkas",
            "price": "€7.60"
          }
        ]
      },
      {
        "category": "Sushi rinkiniai",
        "items": [
          {
            "name": "R16 (16 vnt.)",
            "desc": "Kappa maki 4 vnt., Avocado maki 4 vnt., Mangatsuo maki 4 vnt., Sake maki 4 vnt.",
            "price": "€6.90"
          },
          {
            "name": "R8 (8 vnt.)",
            "desc": "Philadelphia 4 vnt., Salad Maguro 4 vnt.",
            "price": "€8.30"
          },
          {
            "name": "R20 (20 vnt.)",
            "desc": "10 vnt. Maguro managutsuo futomaki: tunas, sviestažuvė, agurkas, karai padažas, sezamo sėklos + 10 vnt. Yasai sake tempura (keptas): lašiša, sūrio kremas, agurkas, salotos, paprika, morka",
            "price": "€18.50"
          },
          {
            "name": "R32 (32 vnt.)",
            "desc": "Philadelphia 8 vnt., Sake tempura 8 vnt., Ebi goma 8 vnt., Salad maguro 8 vnt.",
            "price": "€29.40"
          },
          {
            "name": "R48 (48 vnt.)",
            "desc": "Mangatsuo maki 8 vnt., Kappa maki 8vnt., Sake tempura 8 vnt., California 8 vnt., Philadelphia 8 vnt., Shiro maki 8 vnt.",
            "price": "€35.90"
          },
          {
            "name": "SR64 (64 vnt.)",
            "desc": "Sake masago 8 vnt., Yasai maki 8 vnt., California 8 vnt., Sake tempura 8 vnt., Mangatsuo maki 8 vnt., Karai maguro 8 vnt., Sake managatsuo 8 vnt., Managatsuo nigiri 3 vnt. Sake nigiri 3 vnt., Maguro nigiri 2 vnt.",
            "price": "€71.40"
          },
          {
            "name": "SR80 (80 vnt.)",
            "desc": "Kappa maki 8 vnt., Yasai maki 8 vnt., Rainbow 8 vnt., Sake masago 8 vnt., Sake tempura 8 vnt., Philadelphia 8 vnt., Shiro 8 vnt., Ebi goma 8 vnt., Salad maguro 8 vnt., Sake nigiri 4 vnt., Managatsuo nigiri 2 vnt., Maguro nigiri 2 vnt.",
            "price": "€84.40"
          },
          {
            "name": "DG48 (48 vnt.)",
            "desc": "Yasai maki 8 vnt., Philadephia 8 vnt., Salad Maguro 8 vnt., Sugoi Ebi 8 vnt., Dragon 8 vnt., Sake Nigiri 3 vnt., Maguro Nigiri 3 vnt., Managatsuo Nigiri 2 vnt.",
            "price": "€62.40"
          },
          {
            "name": "DG49 (48 vnt.)",
            "desc": "Philadelphia 8vnt., Salad Sake 8vnt., California 8vnt., Super California 8vnt., Karai Maguro Managatsuo 8vnt., Crispy Sake 8vnt., Wakame salotos",
            "price": "€52.40"
          },
          {
            "name": "56. Rinkinys \"Tavo skonių kelionėms\" (40 vnt.)",
            "desc": "Sake tempura 8 vnt., California 8 vnt., Philadelphia 8 vnt., Super California 8 vnt., Maguro Mango maki 8 vnt.",
            "price": "€44.40"
          },
          {
            "name": "57. Rinkinys \"Tavo skonių kelionėms\" (40 vnt.)",
            "desc": "Philadelphia 8 vnt., Ebi Wakame 8 vnt., Ebi Kajgan 8 vnt., Red Masago Unagi Maki 8 vnt., Maguro Mango Maki 8 vnt,.",
            "price": "€46.40"
          }
        ]
      },
      {
        "category": "Nigiri (1 vnt.)",
        "items": [
          {
            "name": "33. Sake Nigiri",
            "desc": "Lašiša",
            "price": "€2.90"
          },
          {
            "name": "34. Managatsuo Nigiri",
            "desc": "Sviestažuvė",
            "price": "€2.90"
          },
          {
            "name": "35. Maguro Nigiri",
            "desc": "Tunas",
            "price": "€3.30"
          },
          {
            "name": "36. Unagi Nigiri",
            "desc": "Ungurys",
            "price": "€3.30"
          }
        ]
      },
      {
        "category": "Gunkan (1 vnt.)",
        "items": [
          {
            "name": "37. Sake Gunkan 🌶",
            "desc": "Lašiša, karai padažas",
            "price": "€3.30"
          },
          {
            "name": "38. Maguro Gunkan 🌶",
            "desc": "Tunas, karai padažas",
            "price": "€3.30"
          },
          {
            "name": "39. Ebi Gunkan 🌶",
            "desc": "Tigrinės krevetės, karai padažas",
            "price": "€3.30"
          },
          {
            "name": "40. Managatsuo Gunkan🌶",
            "desc": "Sviestažuvė, karai padažas",
            "price": "€3.30"
          }
        ]
      },
      {
        "category": "Ramen",
        "items": [
          {
            "name": "Ramen su vištiena 🌶",
            "desc": "Ramen sultinys, kiaušininiai makaronai, Teriyaki padaže kepta vištienos filė, Teriyaki padaže karamelizuoti Sengu grybai ir pievagrybiai, marinuotas kiaušinis, švieži aitrieji pipirai, svogūnų laiškai, sezamo sėklos",
            "price": "€10.60"
          },
          {
            "name": "Ramen su jautiena 🌶",
            "desc": "Ramen sultinys, kiaušininiai makaronai, Teriyaki padaže kepta jautienos nugarinė, Teriyaki padaže karamelizuoti Sengu grybai ir pievagrybiai, marinuotas kiaušinis, švieži aitrieji pipirai, svogūnų laiškai, sezamo sėklos",
            "price": "€11.70"
          },
          {
            "name": "Ramen su krevetėm 🌶",
            "desc": "Ramen sultinys, kiaušininiai makaronai, Teriyaki padaže keptos tigrinės krevetės, Teriyaki padaže karamelizuoti Sengu grybai ir pievagrybiai, marinuotas kiaušinis, švieži aitrieji pipirai, svogūnų laiška, sezamo sėklos",
            "price": "€11.70"
          }
        ]
      },
      {
        "category": "Sriubos",
        "items": [
          {
            "name": "Kiniška sriuba su vištiena ir kiniškais grybais🌶",
            "desc": "Vištienos filė, juodieji kiniški grybai, pievagrybiai, morkos, šparaginės pupelės, cukinija",
            "price": "€5.10"
          },
          {
            "name": "Pomidorinė sriuba su vištiena 🌶",
            "desc": "Vištienos filė, pomidorai, baltieji kiniški grybai, cukinija, čili aliejus",
            "price": "€5.10"
          },
          {
            "name": "Kokosinė sriuba su vištiena 🌶",
            "desc": "Vištienos filė, brokoliai, morkos, šparaginės pupelės, pievagrybiai, juodieji kiniški grybai, kokoso pienas, sriracha padažas",
            "price": "€5.10"
          },
          {
            "name": "Laksa su vištiena ir krevetėmis 🌶",
            "desc": "Vištienos filė, tigrinės krevetės, sojų makaronai, sojų daigai, čili pipirai, kalendra geltonojo kario ir kokosų pieno sultinys",
            "price": "€11.45"
          },
          {
            "name": "Azijietiška duonelė (1 vnt.)",
            "desc": "Su česnakiniu aliejumi ir sezamo sėklomis",
            "price": "€1.20"
          }
        ]
      },
      {
        "category": "Užkandžiai",
        "items": [
          {
            "name": "Traškūs vištų skrandukai 🌶",
            "desc": "Traškūs vištų skrandukai, smulkinti žemės riešutai, aitrus sojos - česnako padažas",
            "price": "€8.10"
          },
          {
            "name": "Traškios šparaginės pupelės 🌶",
            "desc": "Traškios šparaginės pupelės, česnakai, porai, čili prieskoniai, aitrus sojos - česnako padažas",
            "price": "€8.10"
          },
          {
            "name": "Krevečių traškučiai",
            "desc": "",
            "price": "€3.40"
          },
          {
            "name": "Spring Rolls su daržovėmis (8 vnt.)",
            "desc": "Patiekliama su sweet chilli padažu",
            "price": "€5.80"
          },
          {
            "name": "Keptos tigrinės krevetės su tempura (6 vnt.)",
            "desc": "Patiekliama su sweet chilli padažu",
            "price": "€9.10"
          }
        ]
      },
      {
        "category": "Salotos",
        "items": [
          {
            "name": "Saldžiarūgštės salotos",
            "desc": "Baltieji gūžiniai kopūstai, morkos, agurkas, saldžiarūgštis padažas, sezamo sėklos",
            "price": "€2.30"
          },
          {
            "name": "Aitriosios salotos 🌶",
            "desc": "Baltieji gūžiniai kopūstai, morkos, agurkas, čili aliejus, sezamo sėklos",
            "price": "€2.30"
          },
          {
            "name": "Wakame salotos",
            "desc": "Wakame dumbliai, agurkas, avokadas, morkos, Teriyaki padažas, citrina, sezamo sėklos",
            "price": "€8.10"
          },
          {
            "name": "Kiniškos salotos 🌶",
            "desc": "Agurkai, morkos, kepta kiauliena, saldžiarūgštis padažas, čili aliejus, sezamai",
            "price": "€8.10"
          }
        ]
      },
      {
        "category": "Ryžiai",
        "items": [
          {
            "name": "Virti ryžiai",
            "desc": "",
            "price": "€1.90"
          },
          {
            "name": "Kepti ryžiai su kiaušiniu ir porais",
            "desc": "",
            "price": "€2.60"
          }
        ]
      },
      {
        "category": "Padažai",
        "items": [
          {
            "name": "Sojos padažas",
            "desc": "",
            "price": "€0.60"
          },
          {
            "name": "Padažas \"Saldžiarūgštis\"",
            "desc": "",
            "price": "€1.00"
          },
          {
            "name": "Pekino padažas 🌶",
            "desc": "",
            "price": "€1.00"
          }
        ]
      },
      {
        "category": "Gaivieji gėrimai",
        "items": [
          {
            "name": "Pepsi 0,33 l",
            "desc": "",
            "price": "€1.90"
          },
          {
            "name": "Pepsi Max 0,33 l",
            "desc": "",
            "price": "€1.90"
          },
          {
            "name": "Mirinda 0,33 l",
            "desc": "",
            "price": "€1.90"
          },
          {
            "name": "7 Up 0,33 l",
            "desc": "",
            "price": "€1.90"
          },
          {
            "name": "Nefiltruota Tauro gira 0,5 l",
            "desc": "",
            "price": "€2.50"
          },
          {
            "name": "EKO Kombučia BŪKČIA \"Matcha\" 0.33 l",
            "desc": "Ceremoninė japoniška matcha sujungta su kombučios kerais – tai dvigubas gėris iš Tolimųjų rytų, kupinas švelnių elegantiškų burbuliukų!",
            "price": "€3.50"
          },
          {
            "name": "EKO Kombučia BŪKČIA \"Su kadagiais ir citrina\" 0.33 l",
            "desc": "Citrina sukuria neįpareigojantį vasaros dvelksmą taurėje, o rūstieji kadagiai nustebina savo subtilumu.",
            "price": "€3.50"
          },
          {
            "name": "Kombučia BŪKČIA \"Su šaltalankiais ir apelsinais\" 0.33 l",
            "desc": "Smagiai spraginėjantis geros nuotaikos užtaisas. „Limonadiškiausias“ Būkčia skonis žvaliai pakirbina skonio receptorius.",
            "price": "€3.50"
          },
          {
            "name": "Gazuotas arbūzų sulčių gėrimas \"Bonsu\" 0.33 l",
            "desc": "99% arbūzų sulčių",
            "price": "€2.90"
          },
          {
            "name": "Gazuotas mango sulčių gėrimas \"Bonsu\" 0.33 l",
            "desc": "99% mango sulčių",
            "price": "€2.90"
          },
          {
            "name": "Gazuotas melionų sulčių gėrimas \"Bonsu\" 0.33 l",
            "desc": "99% melionų sulčių",
            "price": "€2.90"
          },
          {
            "name": "Gazuotas apelsinų sulčių gėrimas \"Bonsu\" 0.33 l",
            "desc": "99% apelsinų sulčių",
            "price": "€2.90"
          },
          {
            "name": "Wostok Datulė - granatas 0,33 l",
            "desc": "Ekologiškas limonadas",
            "price": "€3.20"
          },
          {
            "name": "Wostok Apelsinų - vanilės 0,33 l",
            "desc": "Ekologiškas limonadas",
            "price": "€3.20"
          },
          {
            "name": "Wostok Pušies spyglys 0,33 l",
            "desc": "Ekologiškas limonadas",
            "price": "€3.20"
          },
          {
            "name": "Wostok Mėlynė - šalavijas 0,33 l",
            "desc": "Ekologiškas limonadas",
            "price": "€3.20"
          },
          {
            "name": "Wostok Kriaušė - rozmarinas 0,33 l",
            "desc": "Ekologiškas limonadas",
            "price": "€3.20"
          },
          {
            "name": "Negazuotas mineralinis vanduo Norte 0,33 l",
            "desc": "",
            "price": "€1.90"
          },
          {
            "name": "Gazuotas mineralinis vanduo Norte 0,33 l",
            "desc": "",
            "price": "€1.90"
          },
          {
            "name": "Apelsinų sultys Cido 0,3 l",
            "desc": "",
            "price": "€2.20"
          },
          {
            "name": "Obuolių sultys Cido 0,3 l",
            "desc": "",
            "price": "€2.20"
          },
          {
            "name": "Pomidorų sultys Cido 0,3 l",
            "desc": "",
            "price": "€2.20"
          },
          {
            "name": "Nealkoholinis \"Vilkmergės\" alus 410 ml",
            "desc": "Šviesus nealkoholinis alus",
            "price": "€2.70"
          },
          {
            "name": "Nealkoholinis \"Kirin Ichiban\" alus 330 ml",
            "desc": "Šviesus, japoniškas nealkoholinis alus",
            "price": "€3.20"
          }
        ]
      },
      {
        "category": "Alkoholiniai gėrimai",
        "items": [
          {
            "name": "Vilkmergės Premium 0,41 l",
            "desc": "Vartodami alkoholį, rizikuojate savo sveikata, šeimos ir visuomenės gerove",
            "price": "€3.50\n(5% vol)"
          },
          {
            "name": "Vilkmergės Vyšnių Kriek 0,41 l",
            "desc": "Vartodami alkoholį, rizikuojate savo sveikata, šeimos ir visuomenės gerove",
            "price": "€3.50\n(5% vol)"
          },
          {
            "name": "Vilkmergės Craft sidras 0,41 l",
            "desc": "Vartodami alkoholį, rizikuojate savo sveikata, šeimos ir visuomenės gerove",
            "price": "€3.50\n(5.4% vol)"
          },
          {
            "name": "Vilkmergės Tamsusis 0,41 l",
            "desc": "Vartodami alkoholį, rizikuojate savo sveikata, šeimos ir visuomenės gerove",
            "price": "€3.50\n(5.2% vol)"
          },
          {
            "name": "Šviesus japoniškas alus Kirin Ichiban 0,33 l",
            "desc": "Vartodami alkoholį, rizikuojate savo sveikata, šeimos ir visuomenės gerove",
            "price": "€3.50\n(5% vol)"
          },
          {
            "name": "Escanza Secco vyno gerimas 0,2 l",
            "desc": "Vartodami alkoholį, rizikuojate savo sveikata, šeimos ir visuomenės gerove",
            "price": "€2.70\n(8.5% vol)"
          },
          {
            "name": "Escanza Rose vyno gerimas 0,2 l",
            "desc": "Vartodami alkoholį, rizikuojate savo sveikata, šeimos ir visuomenės gerove",
            "price": "€2.70\n(8.5% vol)"
          },
          {
            "name": "Colpasso Catarratto Pinot Grigio Terre Siciliane 0,25 l",
            "desc": "Organiškas baltas vynas. Vartodami alkoholį, rizikuojate savo sveikata, šeimos ir visuomenės gerove",
            "price": "€5.90\n(12.5% vol)"
          },
          {
            "name": "Colpasso Catarratto Rosso Terre Siciliane 0,25 l",
            "desc": "Organiškas raudonas vynas. Vartodami alkoholį, rizikuojate savo sveikata, šeimos ir visuomenės gerove",
            "price": "€5.90\n(13.5% vol)"
          },
          {
            "name": "Prosecco PORTA LEONE 0,2 l",
            "desc": "Putojantis vynas PORTA LEONE Prosecco Doc Treviso Millesimato, briutas Vartodami alkoholį, rizikuojate savo sveikata, šeimos ir visuomenės gerove",
            "price": "€5.90\n(11% vol)"
          }
        ]
      },
      {
        "category": "Įrankiai 🍴",
        "items": [
          {
            "name": "Vienkartinė lazdelė",
            "desc": "",
            "price": "€0.20"
          },
          {
            "name": "Vienkartiniai įrankiai",
            "desc": "Peilis + šakutė",
            "price": "€0.20"
          },
          {
            "name": "Vienkartinis šaukštas",
            "desc": "",
            "price": "€0.10"
          }
        ]
      }
    ]
  },
  {
    "address": "Vokiečių g. 9",
    "location": [
      25.284328758716583,
      54.679354389164374
    ],
    "name": "Holy Donut (Vokiečių g.)",
    "rating": {
      "rating": 4,
      "score": 9.2
    },
    "short_description": "Amerikietiškos spurgos ir beigeliai",
    "id": "holy-donut",
    "tags": [
      "spurgos",
      "beigeliai",
      "pusryčiai"
    ],
    "distance": "0.7 km",
    "duration": 9,
    "menu": [
      {
        "category": "Wolt Specials",
        "items": [
          {
            "name": "💙 Mėgstamiausių spurgų rinkinys",
            "desc": "Tik Wolt+ nariams. 6 vnt. Čiao braške, Hipsteris, Oga Oga, 3D šokoladas, Lepesinas ir Smaguris",
            "price": "€18.83\n26.90"
          },
          {
            "name": "⭐️ Mėgstamiausių spurgų rinkinys",
            "desc": "6 vnt. Čiao braške, Hipsteris, Oga Oga, 3D šokoladas, Lepesinas ir Smaguris",
            "price": "€21.52\n26.90"
          },
          {
            "name": "Amerikietiški blynai",
            "desc": "Purūs, stori ir dideli",
            "price": "€9.16\n11.35"
          }
        ]
      },
      {
        "category": "Įrankiai🍴",
        "items": [
          {
            "name": "Vienkartiniai įrankiai",
            "desc": "",
            "price": "€0.00"
          }
        ]
      },
      {
        "category": "Pusryčių klubas",
        "items": [
          {
            "name": "New Orleano benediktai",
            "desc": "",
            "price": "€13.00"
          },
          {
            "name": "🥓NY Benediktai",
            "desc": "Bemedikto kiaušiniai su plėšyta kiauliena, raugintais agurkėliais, coleslaw salotomis ir keptomis bulvytėmis Egg benedict with pulled pork, pickles, coleslaw and french fries",
            "price": "€14.00"
          },
          {
            "name": "Kepti varškėčiai",
            "desc": "Su daug šviežios varškės, uogiene, šviežiomis uogomis, cinamonu ir grietinės padažu",
            "price": "€12.00"
          },
          {
            "name": "🫐Virti varškėčiai",
            "desc": "Su maskarponės kremu, uogomis ir kokosų cukrumi Curd dumplings with mascarpone cream, fresh berries and coconut sugar",
            "price": "€10.00"
          },
          {
            "name": "Amerikietiški blynai",
            "desc": "Purūs, stori ir dideli",
            "price": "€12.00"
          },
          {
            "name": "Angliški pusryčiai",
            "desc": "Du kiaušiniai, dešrelės, skrudinta šoninė, hash brown'ai, pupelės, kepti pomidorai ir pievagrybiai",
            "price": "€14.00"
          },
          {
            "name": "Ryžių košė",
            "desc": "Ryžių piurė su kokosų cukrumi ir uogomis",
            "price": "€8.00"
          },
          {
            "name": "🌱Grikių košė",
            "desc": "Grikių košė su keptomis daržovėmis, špinatais ir sojos padažu Buckwheat porrigde with vegetables, spinach and soy sauce",
            "price": "€8.00"
          },
          {
            "name": "Avokado skrebutis",
            "desc": "Skrudinta brioche su trintu avokadu, šviežiomis daržovėmis, feta sūriu, kepintomis sėklomis ir žalumynais",
            "price": "€12.00"
          },
          {
            "name": "🫛Šparagų skrebutis (vegan)",
            "desc": "Sourdough duona su šparagų / žirnelių kremu ir keptais portobello grybais Asparagus toast with sourdough bread, asparagus / green peas cream and roasted portobello mushrooms",
            "price": "€12.00"
          },
          {
            "name": "Salotos",
            "desc": "Salotų lapai, rukola, pomidorai, agurkai, avokadas, alyvuogės, saulėje džiovinti pomidorai, kepintos sėklos",
            "price": "€13.50"
          },
          {
            "name": "Falafelių salotos",
            "desc": "Žaliosios salotos su mūsų gamybos falafeliais, edamame pupelėmis, apelsinais, ridikėliais, sezamu ir tahini padažu",
            "price": "€14.00"
          },
          {
            "name": "Varškės apkepas",
            "desc": "Varškės apkepas su persikais, daug šviežios varškės, uogų, grietinės ir uogienės",
            "price": "€8.00"
          },
          {
            "name": "Sriuba La Pamidorina",
            "desc": "Trinta pomidorų sriuba su raudonėliu, čiobreliais, juoduoju balzamiko actu, žolelių padažu ir kepintomis sėklomis. Patiekiama pasirinktinai su karštomis juodosiomis alyvuogėmis arba mocarela sūriu",
            "price": "€7.10"
          },
          {
            "name": "Sancho Panza omletas",
            "desc": "Su čorizo, raudonuoju čederiu, mūsų marinuotomis juodomis alyvuogemis ir paprika, kepami iš trijų kiaušinių ir patiekiami su sauja žalumynų bei šilta brioche bandele",
            "price": "€13.00"
          },
          {
            "name": "Cheese Luise omletas",
            "desc": "Su raudonuoju čederiu, kietuoju ir feta sūriais bei pusiau džiovintų alyvuogių trupiniais, apšlakstytas rūkytu alyvuogių aliejumi, iš trijų kiaušinių ir patiekiami su sauja žalumynų bei šilta brioche bandele",
            "price": "€13.00"
          },
          {
            "name": "Pono kapitono omletas",
            "desc": "Su lašiša, feta sūriu ir žolelėmis, apšlakstytas rūkytu alyvuogių aliejumi, iš trijų kiaušinių ir patiekiami su sauja žalumynų bei šilta brioche bandele",
            "price": "€13.00"
          },
          {
            "name": "Plakta kiaušinienė",
            "desc": "Trys plakti kiaušiniai su šviežiomis daržovėmis, karamelizuotais pievagrybiais, patiekiama su brioche duona",
            "price": "€11.00"
          },
          {
            "name": "Humuso skrebutis",
            "desc": "Skrudinta brioche su naminiu mūsų gamintu humusu, karamelizuotais pomidorais ir raugintais agurkėliais",
            "price": "€12.00"
          }
        ]
      },
      {
        "category": "Acai bowls",
        "items": [
          {
            "name": "Gervuogė VS Mėlynė",
            "desc": "Gervuogės, mėlynės, bananai, moliūgų, saulėgrąžų ir chia sėklos, kokosai, datulės, augalinis pienas",
            "price": "€11.00"
          },
          {
            "name": "Braškė išsitaškė",
            "desc": "Braškės, bananai, riešutų sviestas, chia ir linų sėklos, datulės, augalinis pienas, linų sėmenų aliejus, natūralus klevų sirupas",
            "price": "€11.00"
          },
          {
            "name": "Pinacolada",
            "desc": "Bananai, ananasai, mangai, naminė mūsų gaminta granola, kokosai, moliūgų, chia sėklos, kokosų aliejus, augalinis pienas, natūralus klevų sirupas",
            "price": "€11.00"
          },
          {
            "name": "Go nuts",
            "desc": "Žemės riešutų sviestas, bananai, kokosai, kanapių ir chia sėklos, datulės, goji uogos, kakava, linų sėmenų aliejus, augalinis pienas, natūralus klevų sirupas",
            "price": "€11.00"
          },
          {
            "name": "Olimpiečių jogurtas",
            "desc": "Natūralus graikiškas arba augalinis migdolų jogurtas, mūsų pačių kepta granola, šviežios uogos ir natūralus klevų sirupas",
            "price": "€8.00"
          }
        ]
      },
      {
        "category": "Užkandžiai",
        "items": [
          {
            "name": "Trijų sūrių spurgos",
            "desc": "Trijų sūrių spurgos su chipotlės majonezu",
            "price": "€9.00"
          },
          {
            "name": "Falafeliai su tzatziki",
            "desc": "Falafeliai su gaiviu tzatziki padažu",
            "price": "€9.00"
          }
        ]
      },
      {
        "category": "Didieji beigeliai",
        "items": [
          {
            "name": "Tūzo🌶",
            "desc": "Su kumpiu, traškia šonine, keptu kiaušiniu, raudonuoju čederiu, pomidoru, kreminiu filadelfijos sūriu bei aštriu čipotle padažu",
            "price": "€10.00"
          },
          {
            "name": "Big daddy🌶",
            "desc": "Su čiorizo, pomidorų salsa, brandintas raudonasis čederis, pomidorai, du gerai paskrudinti kiaušiniai, avokadas ir gvakamolė ant viršaus",
            "price": "€10.00"
          },
          {
            "name": "Ornitologo",
            "desc": "Su rūkyta paukštiena, marinuotomis paprikomis, garstyčiomis, kreminiu sūriu, marinuotais agurkėliais, kaparėliais ir rukola",
            "price": "€9.00"
          },
          {
            "name": "Graikiškas",
            "desc": "Su keptu halumio sūriu, naminiu mūsų gamintu humusu, žaliosiomis alyvuogėmis, kepta šviežia raudonąja paprika, pomidoru, bazilikais ir čiobreliais",
            "price": "€10.00"
          },
          {
            "name": "Taikus",
            "desc": "Su naminiu mūsų gamybos humusu, saulėje džiovintais pomidorais, avokadu, pomidoru, rukola, pinijų riešutais, rukola ir žolelėmis",
            "price": "€9.00"
          }
        ]
      },
      {
        "category": "Klasikiniai beigeliai",
        "items": [
          {
            "name": "Žvejo",
            "desc": "Su rūkyta lašiša, kreminiu sūriu, kaparėliais, citrina, krapais ir rukola",
            "price": "€8.50"
          },
          {
            "name": "Klubo",
            "desc": "Su kiaulienos kumpiu, brandintu raudonuoju čederio sūriu, pomidoru, traškia salota ir majonezo padažu",
            "price": "€8.50"
          },
          {
            "name": "BLT",
            "desc": "Su traškia šonine, pomidoru, salota, žolelėmis ir saulėje džiovintų pomidorų pesto padažu",
            "price": "€8.50"
          },
          {
            "name": "Alkaponės🌶",
            "desc": "Su saliamu, mocarela, aštriu pomidorų padažu, žolelėmis bei jelapenais",
            "price": "€8.50"
          },
          {
            "name": "Itališkas",
            "desc": "Su mocarela, rūkytu sūriu, pomidoru, rukola, bazilikų pesto padažu ir čiobreliais",
            "price": "€8.50"
          },
          {
            "name": "Kreminis",
            "desc": "Su kreminiu sūriu ir žolelėmis",
            "price": "€6.50"
          },
          {
            "name": "Nuogalius",
            "desc": "Beigelis be įdaro",
            "price": "€1.95"
          }
        ]
      },
      {
        "category": "Spurgos",
        "items": [
          {
            "name": "Atvirukas",
            "desc": "Atvirukas su pasirinktu tekstu (ne daugiau 25 žodžiai), tekstą parašykite žinutėje ir atvirukas bus pridėtas prie šventinės dėžutės ar pasirinkto maisto",
            "price": "€2.00"
          },
          {
            "name": "Holy Donut dėžutė su mėgstamiausiu spurgų rinkiniu",
            "desc": "6 vnt. Čiao braške, Hipsteris, Oga Oga, 3D šokoladas, Lepesinas ir Smaguris",
            "price": "€26.90"
          },
          {
            "name": "Holy Donut dėžutė su mėgstamiausiu spurgų rinkiniu",
            "desc": "3 vnt. Smaguris, Čiao braške ir Šventa spurga",
            "price": "€13.65"
          },
          {
            "name": "Oga Oga",
            "desc": "Su baltuoju šokoladu ir miško uogomis",
            "price": "€4.50"
          },
          {
            "name": "Hipsteris",
            "desc": "Su pistaciniu šokoladu ir kapotomis pistacijomis",
            "price": "€4.50"
          },
          {
            "name": "3D šokoladas",
            "desc": "Su juoduoju šokoladu, šokoladiniais trupiniais ir braške ant viršaus",
            "price": "€4.50"
          },
          {
            "name": "Smaguris",
            "desc": "Su pienišku šokoladu ir traškučiais",
            "price": "€4.50"
          },
          {
            "name": "Casablanca",
            "desc": "Su lazdyno riešutų šokoladu, kepintomis migdolų drožlėmis ir vyšnia ant viršaus",
            "price": "€4.50"
          },
          {
            "name": "Čiao Braške",
            "desc": "Su braškiniu šokoladu ir braškėmis",
            "price": "€4.50"
          },
          {
            "name": "Pajūra",
            "desc": "Su karamele ir druska",
            "price": "€4.50"
          },
          {
            "name": "Šventa spurga",
            "desc": "Su juoduoju šokoladu ir karamelizuotais lazdyno riešutais",
            "price": "€4.50"
          },
          {
            "name": "Meškinų",
            "desc": "Su medaus šokoladu ir imbiero trupiniais",
            "price": "€4.50"
          },
          {
            "name": "Janina",
            "desc": "Su baltu šokoladu ir laukinių vyšnių uogiene",
            "price": "€4.50"
          },
          {
            "name": "Irisius",
            "desc": "Su irisų skonio šokoladu",
            "price": "€4.50"
          },
          {
            "name": "Lepesinas",
            "desc": "Su apelsininiu šokoladu ir apelsinų cukatais",
            "price": "€4.50"
          },
          {
            "name": "Teisinga",
            "desc": "Su juoduoju šokoladu ir kapotomis pistacijomis",
            "price": "€4.50"
          },
          {
            "name": "Vaidilutė",
            "desc": "Su salyklu, dirbtiniu medumi ir kepintomis sėklomis",
            "price": "€3.50"
          },
          {
            "name": "Piratas",
            "desc": "Su cinamonu",
            "price": "€3.50"
          },
          {
            "name": "Pompadur",
            "desc": "Su liofilizuotomis avietėmis ir spanguolėmis",
            "price": "€3.50"
          },
          {
            "name": "Apple fritter",
            "desc": "Su karamelizuotais obuoliais, cinamonu ir natūraliu klevų sirupu",
            "price": "€3.50"
          }
        ]
      },
      {
        "category": "Gėrimai",
        "items": [
          {
            "name": "Negazuotas vanduo Acqua panna 0,25 l",
            "desc": "",
            "price": "€3.50"
          },
          {
            "name": "Gazuotas vanduo San Pellegrino 0,25 l",
            "desc": "",
            "price": "€3.50"
          },
          {
            "name": "Franklin & Sons Cola 0,28 l",
            "desc": "Kraftinis kolos skonio limonadas, be konservantų ir dažiklių",
            "price": "€4.00"
          },
          {
            "name": "Franklin & Sons Orange 0,28 l",
            "desc": "Kraftinis apelsinų ir greipfrutų skonio limonadas, be dažiklių ir konservantų",
            "price": "€4.00"
          },
          {
            "name": "Franklin & Sons Strawberry 0,28 l",
            "desc": "Kraftinis braškių ir aviečų skonio limonadas, be konservantų ir dažiklių",
            "price": "€4.00"
          },
          {
            "name": "Obuolių sultys MANA 0,25 l",
            "desc": "100% sultys, ne iš koncentrato, be pridėtinių cukrų ir konservantų, šaltai spaustos ir pagamintos Lietuvoje",
            "price": "€3.50"
          }
        ]
      }
    ]
  },
  {
    "address": "Algirdo g. 17",
    "location": [
      25.2703761,
      54.6788096
    ],
    "name": "Fortas (Algirdo g.)",
    "rating": {
      "rating": 4,
      "score": 9.2
    },
    "short_description": "Fortas - už tai, kas tikra!",
    "id": "fortas-algirdo-g",
    "tags": [
      "itališka",
      "salotos",
      "užkandžiai"
    ],
    "distance": "0.5 km",
    "duration": 9,
    "menu": [
      {
        "category": "Užkandžiai",
        "items": [
          {
            "name": "Dūminis jautienos tartaras",
            "desc": "Jautienos tartaras su mėlynaisiais svogūnais, kaparėliais, marinuotais agurkėliais, saulėje džiovintais pomidorais, alyvuogių aliejumi ir duona",
            "price": "€13.75"
          },
          {
            "name": "Tuno tartaras",
            "desc": "Tuno tartaras su kaparėliais, marinuotais svogūnais, gvakamole ir duonos skrebučiais",
            "price": "€12.75"
          },
          {
            "name": "Keptos krevetės",
            "desc": "Keptos krevetės su česnakais, aitriosiomis paprikomis ir krudinta duona",
            "price": "€14.15"
          },
          {
            "name": "Gruzdintos mažosios stintelės",
            "desc": "Baltijos jūros gėrybės su naminiu žalumynų padažu",
            "price": "€7.15"
          },
          {
            "name": "Saldžiųjų bulvių užkandis",
            "desc": "Gruzdintų batatų užkandis su graikiško jogurto ir fetos sūrio padažu",
            "price": "€5.15"
          },
          {
            "name": "Ispaniškos sūrio spurgytės",
            "desc": "Pietų Europos regione itin mėgstamos namų gamybos sūrio spurgytės su žaliuoju naminiu padažu",
            "price": "€7.15"
          },
          {
            "name": "Marinuotos alyvuogės",
            "desc": "Halkidiki alyvuogės, marinuotos naminiame medaus, šviežių čiobrelių ir alyvuogių aliejaus padaže",
            "price": "€7.15"
          },
          {
            "name": "Kepinta duona su sūrio padažu",
            "desc": "",
            "price": "€6.75"
          },
          {
            "name": "Takai su vištiena (2 vnt.)",
            "desc": "Tradicinis Meksikos patiekalas. Kvietinės tortilijos su pomidorų ir kalendros salsa, gvakamole ir kepta vištiena. Švelniai aitrus",
            "price": "€10.15"
          },
          {
            "name": "Sūrių rinkinys",
            "desc": "Trijų sūrių rinkinys (Stilton, Langres AOP, Tomette pur brebis de Iraty) su svogūnų uogiene, apelsinų ir arstyčių džemu, trumų medumi ir duonos skrebučiais",
            "price": "€17.15"
          }
        ]
      },
      {
        "category": "Salotos",
        "items": [
          {
            "name": "Forto cezario salotos",
            "desc": "Romėniškos salotos su cezario padažu, duonos skrebučiais, kedrinėmis pinijomis ir parmezano sūriu",
            "price": "€10.15"
          },
          {
            "name": "Graikiškos salotos",
            "desc": "Vienas iš Graikijos nacionalinių patiekalų. Salotos su citrinos žievele marinuotu fetos sūriu, žalumynais, daržovėmis ir Kalamatos alyvuogių aliejumi",
            "price": "€8.75"
          },
          {
            "name": "Salotos su kalakutiena",
            "desc": "Salotos su kalakuto krūtinėle, salotų lapais, daržovėmis ir saldžiarūgščiu apelsinų bei jogurto padažu",
            "price": "€10.15"
          },
          {
            "name": "Duonelė",
            "desc": "",
            "price": "€0.90"
          },
          {
            "name": "Tuno salotos",
            "desc": "Salotos su tunu, smidrais, salotų lapais, bulvėmis, putpelių kiaušiniais, vynuoginiais pomidorais ir žolelių padažu",
            "price": "€14.15"
          }
        ]
      },
      {
        "category": "Sriuba",
        "items": [
          {
            "name": "Šaltibarščiai",
            "desc": "Su kepintomis bulvėmis",
            "price": "€4.75"
          },
          {
            "name": "Marselio žuvienė",
            "desc": "Pietų Prancūzijos patiekalas - pomidorų sultyse troškintos lašišos, jūros gėrybių ir daržovių sriuba, patiekiama su raugo duona ir žalumynų padažu. (Paruošimo laikas – 15 min)",
            "price": "€12.75"
          },
          {
            "name": "Čili troškinys",
            "desc": "Patiekalas, kurį siūlome nuo pat restorano atidarymo. Aitrus jautienos troškinys su sūriu ir duonele",
            "price": "€8.15"
          },
          {
            "name": "Duonelė",
            "desc": "",
            "price": "€0.90"
          }
        ]
      },
      {
        "category": "Žuvies patiekalai",
        "items": [
          {
            "name": "Fish and chips",
            "desc": "Britų klasika – traškūs, alaus tešloje gruzdintos menkės gabaliukai su stambiai trintais žaliaisiais žirneliais, tartaro padažu ir gruzdintomis bulvytėmis",
            "price": "€12.15"
          },
          {
            "name": "Įdarytas kalmaras",
            "desc": "Krosnyje keptas įdarytas kalmaras su basmati ryžiais, jūros gėrybėmis ir špinatais, patiekiamas su pomidorų padažu ir vynuoginiais pomidorais",
            "price": "€12.75"
          },
          {
            "name": "Lašišos kepsnys",
            "desc": "Lašišos kepsnys, patiekiamas su basmati ryžiais, traškiomis salotomis, vynuoginiais pomidorais ir žalumynų padažu",
            "price": "€17.15"
          },
          {
            "name": "Grenlandijos paltuso filė suktinukas",
            "desc": "Žuvies suktinukas su smidrais, cukinijomis, pomidorais ir kreminiu grietinėlės ir šafrano padažu. Patiekiamas su ryžiais",
            "price": "€17.15"
          }
        ]
      },
      {
        "category": "Jautienos patiekalai",
        "items": [
          {
            "name": "Mėsainis su Angus mėsa",
            "desc": "Grilyje keptas mėsos paplotėlis, rūkyta šoninė, sviestinė bandelė, čederio sūris, marinuoti agurkai, svogūnai, pomidorai, svogūnų ir rūkytos šoninės džemas, ,,Chipotle‘‘ majonezas ir gruzdintos bulvytės",
            "price": "€11.15"
          },
          {
            "name": "Befstrogenas",
            "desc": "Grietinėlės padaže troškinta jautienos išpjova su pievagrybiais, svogūnais, marinuotais agurkėliais ir bulvių koše",
            "price": "€17.15"
          },
          {
            "name": "Vienos šnicelis",
            "desc": "Austrijos nacionalinis patiekalas – plonai muštas veršienos nugarinės kepsnys su šviežiomis daržovėmis, marinuotais kelmučiais ir krosnyje keptomis bulvėmis bei kietojo sūrio padažu",
            "price": "€17.75"
          },
          {
            "name": "Pipirinis didkepsnis",
            "desc": "Brandintos jautienos išpjovos kepsnys su juodaisiais pipirais ant grotelių keptomis daržovėmis, mažosiomis bulvytėmis, dūminiu alyvuogių aliejumi bei brendžio padažu",
            "price": "€23.75"
          }
        ]
      },
      {
        "category": "Paukštienos patiekalai",
        "items": [
          {
            "name": "Gastono vištiena",
            "desc": "Receptas, gyvuojantis nuo 1930 metų. Kepta, grietinėje su garstyčiomis troškinta vištienos krūtinėlė, patiekiama su krosnyje keptomis daržovėmis",
            "price": "€10.75"
          },
          {
            "name": "Traškioji vištiena",
            "desc": "Gruzdintos vištienos juostelės su kietojo sūrio padažu, šviežių daržovių salotomis ir gruzdintomis bulvytėmis",
            "price": "€11.15"
          },
          {
            "name": "Kalakutienos kepsnys",
            "desc": "Medumi ir garstyčiomis glazūruota kalakutienos krūtinėlė su šviežių daržovių salotomis ir keptomis bulvėmis",
            "price": "€12.15"
          },
          {
            "name": "Anties krūtinėlė apelsinų padaže",
            "desc": "Kepta anties krūtinėlė su saldžiarūgščiu apelsinų padažu. Serviruojama su smidrais, šviežiomis daržovėmis ir trintomis bulvėmis",
            "price": "€17.15"
          }
        ]
      },
      {
        "category": "Kiaulienos patiekalai",
        "items": [
          {
            "name": "Kiaulienos BBQ",
            "desc": "Ant grotelių kepta kiaulienos sprandinė su barbekiu glazūra, krosnyje keptais pomidorais, marinuotomis daržovėmis, keptomis bulvėmis ir brendžio padažu",
            "price": "€13.15"
          },
          {
            "name": "Kiaulienos šonkauliukai",
            "desc": "Žemoje temperatūroje kepti BBQ kiaulienos šonkauliai su keptomis mažosiomis bulvėmis ir šviežių daržovių salotomis",
            "price": "€17.15"
          }
        ]
      },
      {
        "category": "Vegetariški patiekalai",
        "items": [
          {
            "name": "Gruzdintas portobelo grybas",
            "desc": "Gruzdintas portobelo grybas su šviežių daržovių salotomis, bulvių koše, žalumynais ir mėlynojo pelėsinio sūrio padažu",
            "price": "€10.15"
          },
          {
            "name": "Žiedinio kopūsto kepsnys",
            "desc": "Krosnyje keptas žiedinis kopūstas su traiškytais žaliaisiais žirneliais, vyšniniais pomidorais, žalumynais ir riešutais",
            "price": "€10.15"
          }
        ]
      },
      {
        "category": "Makaronai",
        "items": [
          {
            "name": "Rizotas milanietiškai",
            "desc": "Iš Milano kilęs patiekalas, gaminamas iš Arborio ryžių su šafranu, grietinėle, sviestu ir parmezano sūriu",
            "price": "€11.25"
          },
          {
            "name": "Lazanija",
            "desc": "Vienas iš nacionalinių Italijos valgių – lakštiniai su malta mėsa, daržovėmis, bešamelio ir pomidorų padažais bei kietojo sūrio drožlėmis",
            "price": "€11.15"
          },
          {
            "name": "Alfredo makaronai",
            "desc": "Makaronai su kepta vištiena, traškia šonine, grietinėlės padažu, parmezano sūriu, svogūnais ir bazilikais",
            "price": "€10.15"
          }
        ]
      },
      {
        "category": "Picos",
        "items": [
          {
            "name": "Paprastoji pica",
            "desc": "Mocarela, pomidorų padažas ir raudonėliai",
            "price": "€9.15"
          },
          {
            "name": "Pica su saliamiu",
            "desc": "Saliamis, mocarela, pomidorų padažas, česnakinis aliejus ir raudonėliai",
            "price": "€10.15"
          },
          {
            "name": "Peperoni pica",
            "desc": "Peperoni, mocarela, pomidorų padažas ir raudonėliai",
            "price": "€10.15"
          },
          {
            "name": "Pica su kumpiu ir grybais",
            "desc": "Kumpis, pievagrybiai, mocarela, pomidorų padažas ir raudonėliai",
            "price": "€10.15"
          },
          {
            "name": "Bazilikų pica",
            "desc": "Vištiena, pievagrybiai, mocarela, mėlynieji svogūnai, paprikos, bazilikų majonezas, pomidorų padažas ir raudonėliai",
            "price": "€10.15"
          },
          {
            "name": "Romos pica",
            "desc": "Malta jautiena, saliamis, mocarela, paprikos, pomidorų padažas, bazilikų majonezas ir raudonėliai",
            "price": "€10.15"
          },
          {
            "name": "Akapulko pica",
            "desc": "Malta jautiena, šoninė, pievagrybiai, mocarela, aitriosios paprikos, pomidorų padažas, barbekiu padažas ir raudonėliai",
            "price": "€10.15"
          },
          {
            "name": "Meksikiečių pica",
            "desc": "Malta jautiena, mocarela, mėlynieji svogūnai, česnakas, paprikos, pomidorų padažas, barbekiu padažas ir raudonėliai",
            "price": "€10.15"
          },
          {
            "name": "Pica su vytintu kumpiu",
            "desc": "Vytintas kumpis, mocarela, vynuoginiai pomidorai, pomidorų padažas ir raudonėliai",
            "price": "€10.15"
          }
        ]
      },
      {
        "category": "Vaikiškas meniu",
        "items": [
          {
            "name": "Išdykėlio užkanda",
            "desc": "Gruzdinti vištienos gabalėlėliai su bulvytėmis ir šviežiomis daržovėmis",
            "price": "€7.15"
          }
        ]
      },
      {
        "category": "Desertai",
        "items": [
          {
            "name": "Austriškas varškės štrudelis",
            "desc": "Tradicinis Austrijos patiekalas – štrudelis su vaniliniu padažu bei razinomis",
            "price": "€7.15"
          }
        ]
      },
      {
        "category": "Gėrimai",
        "items": [
          {
            "name": "Coca-Cola 0,25 l",
            "desc": "",
            "price": "€2.90"
          },
          {
            "name": "Coca-Cola Zero 0,25 l",
            "desc": "",
            "price": "€2.90"
          },
          {
            "name": "Fanta 0,25 l",
            "desc": "",
            "price": "€2.90"
          },
          {
            "name": "Schweppes Tonikas 0,25 l",
            "desc": "",
            "price": "€2.90"
          },
          {
            "name": "Neptūnas negazuotas mineralinis vanduo 0,33 l",
            "desc": "",
            "price": "€2.50"
          },
          {
            "name": "Neptūnas silpnai gazuotas mineralinis vanduo 0,33 l",
            "desc": "",
            "price": "€2.50"
          },
          {
            "name": "Gira 0,33 l",
            "desc": "",
            "price": "€2.70"
          },
          {
            "name": "San Benedetto negazuotas mineralinis vanduo 0,25 l",
            "desc": "",
            "price": "€3.00"
          },
          {
            "name": "San Benedetto gazuotas mineralinis vanduo 0,25 l",
            "desc": "",
            "price": "€3.00"
          },
          {
            "name": "San Benedetto negazuotas mineralinis vanduo 0,75 l",
            "desc": "",
            "price": "€4.50"
          },
          {
            "name": "San Benedetto gazuotas mineralinis vanduo 0,75 l",
            "desc": "",
            "price": "€4.50"
          }
        ]
      }
    ]
  },
  {
    "address": "Mindaugo g. 11",
    "location": [
      25.272801688129736,
      54.67776424469101
    ],
    "name": "CANCAN Pizza (Mindaugo g.)",
    "rating": {
      "rating": 3,
      "score": 8.8
    },
    "short_description": "Rankų darbo picos bei kiti gardūs patiekalai",
    "id": "cancan-pizza-mindaugo",
    "tags": [
      "pica",
      "užkandžiai",
      "sriubos"
    ],
    "distance": "0.6 km",
    "duration": 10,
    "menu": [
      {
        "category": "Vienkartiniai įrankiai",
        "items": [
          {
            "name": "Vienkartiniai įrankiai",
            "desc": "",
            "price": "€0.20"
          }
        ]
      },
      {
        "category": "Wolt Specials",
        "items": [
          {
            "name": "Didelė už mažos kainą!",
            "desc": "",
            "price": "€7.99\n13.39"
          }
        ]
      },
      {
        "category": "Picos 30 cm",
        "items": [
          {
            "name": "Margarita 30 cm",
            "desc": "Mocarela, šviežias bazilikas, kietasis sūris",
            "price": "€6.99"
          },
          {
            "name": "Grybų 30 cm",
            "desc": "Pievagrybiai, mocarela",
            "price": "€7.99"
          },
          {
            "name": "Itališka 30 cm",
            "desc": "Kumpis, mocarela",
            "price": "€7.99"
          },
          {
            "name": "Havajų 30 cm",
            "desc": "Kumpis, mocarela, ananasai",
            "price": "€8.69"
          },
          {
            "name": "Kaimiška 30 cm",
            "desc": "Šoninė, kornišonai, svogūnai, mocarela, krapai",
            "price": "€8.69"
          },
          {
            "name": "Kaprio 30 cm",
            "desc": "Šoninė, pievagrybiai, mocarela, juodosios alyvuogės, šviežias bazilikas",
            "price": "€10.69"
          },
          {
            "name": "Sicilijos 30 cm",
            "desc": "Malta mėsa, mocarela, lydytas sūrelis, krapai, paprikos, česnakinis padažas",
            "price": "€9.99"
          },
          {
            "name": "Draugų 30 cm",
            "desc": "Vištiena, pievagrybiai, česnakinis padažas, mocarela, krapai",
            "price": "€9.99"
          },
          {
            "name": "Meksikietiška 30 cm",
            "desc": "Malta mėsa, mocarela, svogūnai, juodosios alyvuogės, konservuotos paprikos, konservuoti jalapeno pipirai, saldžiaaštris padažas, aštrūs pipirai",
            "price": "€10.69"
          },
          {
            "name": "Americano 30 cm",
            "desc": "Pepperoni, kumpis, pievagrybiai, mocarela, aštrūs pipirai",
            "price": "€10.69"
          },
          {
            "name": "Vištiena BBQ 30 cm",
            "desc": "Vištiena, svogūnai, mocarela, BBQ padažas",
            "price": "€10.69"
          },
          {
            "name": "Diavolo 30 cm",
            "desc": "Pepperoni, malta mėsa, mocarela, svogūnai, konservuoti jalapeno pipirai, česnakinis padažas, aitriųjų paprikų padažas Sriracha",
            "price": "€10.69"
          },
          {
            "name": "Prosciutto 30 cm",
            "desc": "Vytintas kumpis, mocarela, vyšniniai pomidorai, pievagrybiai, šviežias bazilikas, rikota, kietasis sūris, pesto padažas",
            "price": "€12.39"
          },
          {
            "name": "Bianco 30 cm",
            "desc": "Vytintas kumpis, mocarela, rikotos sūrio padažas, vyšniniai pomidorai, gražgarstės, pesto padažas",
            "price": "€12.39"
          },
          {
            "name": "Studentų 30 cm",
            "desc": "Dešrelės, mocarela",
            "price": "€7.99"
          },
          {
            "name": "Pepperoni 30, cm",
            "desc": "Pepperoni, mocarela",
            "price": "€9.99"
          },
          {
            "name": "Toscana 30 cm",
            "desc": "Šoninė, vištiena, mocarela, rikotos sūrio padažas, vyšniniai pomidorai, sūris su mėlynuoju pelėsiu, šviežias bazilikas",
            "price": "€12.39"
          },
          {
            "name": "Paprastoji 30 cm",
            "desc": "Pievagrybiai, mocarela, kornišonai, kumpis",
            "price": "€8.69"
          },
          {
            "name": "Penkių sūrių 30 cm",
            "desc": "Mocarela, rikotos sūrio padažas, sūris su mėlynuoju pelėsiu, feta sūris, grąžgarstės",
            "price": "€12.39"
          }
        ]
      },
      {
        "category": "Picos 36 cm",
        "items": [
          {
            "name": "Diavolo 36 cm",
            "desc": "Pepperoni, malta mėsa, mocarela, svogūnai, konservuoti jalapeno pipirai, česnakinis padažas, aitriųjų paprikų padažas Sriracha",
            "price": "€14.89"
          },
          {
            "name": "Draugų 36 cm",
            "desc": "Vištiena, pievagrybiai, česnakinis padažas, mocarela, krapai",
            "price": "€13.99"
          },
          {
            "name": "Grybų 36 cm",
            "desc": "Pievagrybiai, mocarela",
            "price": "€12.59"
          },
          {
            "name": "Havajų 36 cm",
            "desc": "Kumpis, mocarela, ananasai",
            "price": "€12.89"
          },
          {
            "name": "Itališka 36 cm",
            "desc": "Kumpis, mocarela",
            "price": "€12.59"
          },
          {
            "name": "Kaimiška 36 cm",
            "desc": "Šoninė, kornišonai, svogūnai, mocarela, krapai",
            "price": "€12.89"
          },
          {
            "name": "Kaprio 36 cm",
            "desc": "Šoninė, pievagrybiai, mocarela, juodosios alyvuogės, šviežias bazilikas",
            "price": "€14.89"
          },
          {
            "name": "Margarita 36 cm",
            "desc": "Mocarela, šviežias bazilikas, kietasis sūris",
            "price": "€9.99"
          },
          {
            "name": "Meksikietiška 36 cm",
            "desc": "Malta mėsa, mocarela, svogūnai, juodosios alyvuogės, konservuotos paprikos, konservuoti jalapeno pipirai, saldžiaaštris padažas, aštrūs pipirai",
            "price": "€14.89"
          },
          {
            "name": "Prosciutto 36 cm",
            "desc": "Vytintas kumpis, mocarela, vyšniniai pomidorai, pievagrybiai, šviežias bazilikas, rikota, kietasis sūris, pesto padažas",
            "price": "€15.79"
          },
          {
            "name": "Sicilijos 36 cm",
            "desc": "Malta mėsa, mocarela, lydytas sūrelis, krapai, paprikos, česnakinis padažas",
            "price": "€13.99"
          },
          {
            "name": "Vištiena BBQ 36 cm",
            "desc": "Vištiena, svogūnai, mocarela, BBQ padažas",
            "price": "€14.89"
          },
          {
            "name": "Bianco 36 cm",
            "desc": "Vytintas kumpis, mocarela, rikotos sūrio padažas, vyšniniai pomidorai, gražgarstės, pesto padažas",
            "price": "€15.79"
          },
          {
            "name": "Americano 36 cm",
            "desc": "Pepperoni, kumpis, pievagrybiai, mocarela, aštrūs pipirai",
            "price": "€14.89"
          },
          {
            "name": "Studentų 36 cm",
            "desc": "Dešrelės, mocarela",
            "price": "€12.59"
          },
          {
            "name": "Pepperoni 36 cm",
            "desc": "Pepperoni, mocarela",
            "price": "€13.99"
          },
          {
            "name": "Toscana 36 cm",
            "desc": "Šoninė, vištiena, mocarela, rikotos sūrio padažas, vyšniniai pomidorai, sūris su mėlynuoju pelėsiu, šviežias bazilikas",
            "price": "€15.79"
          },
          {
            "name": "Paprastoji 36 cm",
            "desc": "Pievagrybiai, mocarela, kornišonai, kumpis",
            "price": "€12.89"
          },
          {
            "name": "Penkių sūrių 36 cm",
            "desc": "Mocarela, rikotos sūrio padažas, sūris su mėlynuoju pelėsiu, feta sūris, grąžgarstės",
            "price": "€15.79"
          }
        ]
      },
      {
        "category": "Sriubos",
        "items": [
          {
            "name": "Aitriųjų paprikų ir mėsos sriuba",
            "desc": "Patiekiama su česnakine bandele",
            "price": "€5.69"
          },
          {
            "name": "Šaltibarščiai",
            "desc": "Patiekiami su virtomis ir apkeptomis bulvėmis",
            "price": "€5.39"
          },
          {
            "name": "Tailandietiška krevečių ir vištienos sriuba",
            "desc": "Su kokosų pienu, raudonuoju kariu ir udon makaronais",
            "price": "€7.39"
          },
          {
            "name": "Charčio sriuba",
            "desc": "",
            "price": "€3.09"
          },
          {
            "name": "Tiršta daržovių sriuba su špinatais",
            "desc": "",
            "price": "€3.09"
          }
        ]
      },
      {
        "category": "Salotos",
        "items": [
          {
            "name": "Cezario salotos",
            "desc": "Salotų lapai Romaine, vyšniniai pomidorai, kietasis sūris, ančiuvių padažas, baltos duonos skrebučiai",
            "price": "€6.39"
          },
          {
            "name": "Cezario salotos su vištiena",
            "desc": "Salotų lapai Romaine, vyšniniai pomidorai, kietasis sūris, ančiuvių padažas, baltos duonos skrebučiai",
            "price": "€8.89"
          },
          {
            "name": "Salotos su krevetėmis",
            "desc": "Keptos krevetės, persikai, įvairūs salotų lapai, vyšniniai pomidorai",
            "price": "€9.39"
          },
          {
            "name": "Rytietiškos salotos su vištiena",
            "desc": "Traškūs vištienos šiaudeliai , agurkai, morkos, paprikos, salotų lapai, žemės riešutai, sezamo sėklos , saldžiaaštris padažas",
            "price": "€8.89"
          },
          {
            "name": "Kalakutienos salotos",
            "desc": "Kalakutienos krūtinėlė , salotų lapai, fetos sūris , vyšniniai pomidorai, žalios alyvuogės, paprika, agurkai, svogūnai, sėklos, žolelių padažas",
            "price": "€9.39"
          },
          {
            "name": "Cezario salotos su krevetėmis",
            "desc": "Salotų lapai Romaine, vyšniniai pomidorai, kietasis sūris, ančiuvių padažas, baltos duonos skrebučiai",
            "price": "€9.39"
          },
          {
            "name": "Salotos su keptu sūriu",
            "desc": "Gruzdintas 4 sūrių paplotėlis, įvairūs salotų lapai, agurkai, konservuotas persikas, kepti burokėliai, lazdyno riešutai",
            "price": "€8.39"
          }
        ]
      },
      {
        "category": "Karštieji patiekalai",
        "items": [
          {
            "name": "Žuvytės ir bulvytės",
            "desc": "Menkės filė, gruzdintos bulvytės, šviežių daržovių salotos. Patiekiama su pasirinktu padažu.",
            "price": "€11.39"
          },
          {
            "name": "Lašišos kepsnys",
            "desc": "Lašišos filė kepsnys,ryžiai, morkų ir cukinijos juostelės, daržovių salsa",
            "price": "€14.39"
          },
          {
            "name": "Kyjivo kepsnys",
            "desc": "Gruzdintos vištienos filė kepsnys su sviesto įdaru, šviežių daržovių salotos, gruzdintos bulvytės",
            "price": "€9.89"
          },
          {
            "name": "Kalakutienos filė iešmelis",
            "desc": "Kalakutienos filė, gruzdintos bulvių grotelės, šviežių daržovių salotos. Patiekiamas su pasirinktu padažu",
            "price": "€9.89"
          },
          {
            "name": "Kiaulienos karbonadas su grybų padažu",
            "desc": "Kiaulienos nugarinės kepsnys, bulvių gratinas, orkaitėje kepti burokėliai, grybų padažas",
            "price": "€10.89"
          },
          {
            "name": "Vyne marinuotas ant grotelių keptas kiaulienos sprandinės kepsnys",
            "desc": "Kiaulienos sprandinė, keptos bulvytės, daržovės, kepsnių padažas",
            "price": "€11.39"
          },
          {
            "name": "Sūrio kepsnys",
            "desc": "Gruzdintas sūris, bulvytės, šviežių daržovių salotos. Patiekiamas su pasirinktu padažu",
            "price": "€9.69"
          },
          {
            "name": "Krosnyje keptas vištienos apkepas su sūrio plutele",
            "desc": "Vištiena, ryžiai, pievagrybiai, cukinijos, paprikos, morkos, pomidorai, porai, sūrio padažas",
            "price": "€8.09"
          },
          {
            "name": "Apkepti koldūnai su mėsa",
            "desc": "Užkepti su rūkyta šonine, svogūnais ir sūrio padažu",
            "price": "€7.39"
          },
          {
            "name": "Apkepti lietiniai su kumpu ir sūriu",
            "desc": "Užkepti su grietinėlės ir krapų padažu",
            "price": "€7.39"
          },
          {
            "name": "Didžkukuliai su mėsa",
            "desc": "Patiekiami su jūsų pasirinktu padažu",
            "price": "€8.09"
          },
          {
            "name": "Žemaičių blynai",
            "desc": "Patiekiami su jūsų pasirinktu padažu",
            "price": "€7.89"
          },
          {
            "name": "Ant grotelių kepta vištienos filė",
            "desc": "Vištienos filė, garinti brokoliai, bulvių gratinas. Patiekiama su pasirinktu padažu",
            "price": "€9.89"
          },
          {
            "name": "Vištienos kepsnys su šonine ir čederio sūriu su BBQ padažu",
            "desc": "Vištienos filė, rūkyta kiaulienos šoninė, čederio sūris, gruzdintos bulvių grotelės, garinti brokoliai. Patiekiamas su BBQ padažu",
            "price": "€11.39"
          },
          {
            "name": "Jautienos apkepas su lakštiniais makaronais",
            "desc": "Užkeptas su baltuoju padažu ir sūriu",
            "price": "€9.39"
          },
          {
            "name": "Žemaičių blynai (pusė porcijos)",
            "desc": "",
            "price": "€3.89"
          },
          {
            "name": "Didžkukuliai su mėsos įdaru (pusė porcijos)",
            "desc": "",
            "price": "€4.09"
          },
          {
            "name": "Vištienos filė su mocarelos sūriu ir pesto padažu",
            "desc": "Vištienos filė, mocarelos sūrio ir vynuoginių pomidorų įdaras, keptos bulvės su morkytėmis ir brokoliais",
            "price": "€11.39"
          }
        ]
      },
      {
        "category": "Mėsainiai",
        "items": [
          {
            "name": "Jautienos mėsainis",
            "desc": "Jautienos maltinis, čederio sūris, rūkyta šoninė, pomidorai, marinuoti agurkai, raudonieji svogūnai, salotos, gruzdintos bulvytės. Padažai pasirinkimui: česnakinis, pomidorų, švelnus",
            "price": "€12.39"
          },
          {
            "name": "Vištienos mėsainis",
            "desc": "Traški vištiena, čederio sūris, marinuoti agurkai, pomidorai, raudonieji svogūnai, salotos, gruzdintos bulvių grotelės",
            "price": "€11.39"
          }
        ]
      },
      {
        "category": "Užkandžiai",
        "items": [
          {
            "name": "Mocarella sūrio lazdelės",
            "desc": "Patiekiamos su pomidorų, švelniu arba česnakiniu padažu",
            "price": "€7.39"
          },
          {
            "name": "Gruzdinta duona su sūriu",
            "desc": "Gruzdinta duona su česnakiniu sūrio padažu",
            "price": "€5.39"
          },
          {
            "name": "Picos duonelė su 4 sūriais",
            "desc": "Mocarela, feta sūris, sūris su mėlynuoju pelėsiu, kietasis sūris. Patiekiama su česnakiniu padažu.",
            "price": "€5.89"
          },
          {
            "name": "Picos duonelė su šonine ir jalapenu",
            "desc": "Šoninė, mocarela, konservuoti jalapeno pipirai, kietasis sūris. Patiekiama su česnakiniu padažu",
            "price": "€5.89"
          },
          {
            "name": "Traškus užkandžių rinkinys (1-2 asm.)",
            "desc": "Svogūno žiedai, gruzdinta duona, bulvių ir sūrio pagalvėlės, mocarelos lazdelės, vištienos rutuliukai, jalapeno spurgos, bulvių grotelės. Česnakinis, BBQ ir saldus čili padažas.",
            "price": "€10.39"
          },
          {
            "name": "Traškus užkandžių rinkinys (3-4 asm.)",
            "desc": "Svogūno žiedai, gruzdinta duona, bulvių ir sūrio pagalvėlės, mocarelos lazdelės, vištienos rutuliukai, jalapeno spurgos, bulvių grotelės. Česnakinis, BBQ ir saldus čili padažas.",
            "price": "€16.39"
          },
          {
            "name": "Traškūs vištienos rutuliukai",
            "desc": "Patiekiami su pomidorų, švelniu arba česnakiniu padažu",
            "price": "€6.79"
          },
          {
            "name": "Gruzdintos bulvių grotelės",
            "desc": "Patiekiamos su pomidorų, švelniu arba česnakiniu padažu",
            "price": "€4.79"
          },
          {
            "name": "Bulvių pagalvėlės su sūriu",
            "desc": "Patiekiamos su pomidorų, švelniu arba česnakiniu padažu",
            "price": "€6.39"
          }
        ]
      },
      {
        "category": "Vaikiškas meniu",
        "items": [
          {
            "name": "Aštuonkojai",
            "desc": "Virtos dešrelės su gruzdintomis bulvytėmis ir pomidorų padažu",
            "price": "€6.39"
          },
          {
            "name": "Varškėtukai",
            "desc": "Su šviežiomis uogomis ir raudonųjų uogų padažu",
            "price": "€6.89"
          },
          {
            "name": "Kroketai šypsenėlės",
            "desc": "Bulviniai kroketai su pomidorų padažu",
            "price": "€4.69"
          },
          {
            "name": "Bulvytės Fritkės",
            "desc": "Patiekiama su pomidorų padažu",
            "price": "€3.09"
          },
          {
            "name": "Sūrio pica",
            "desc": "Mocarela",
            "price": "€5.99"
          },
          {
            "name": "Pica Boružėlė septyntaškė",
            "desc": "Kumpis, mocarela, agurkai, vyšniniai pomidorai, alyvuogės",
            "price": "€5.99"
          },
          {
            "name": "Gruzdinti vištienos rutuliukai",
            "desc": "Vištienos kepsneliai patiekiami su pomidorų padažu",
            "price": "€6.39"
          }
        ]
      },
      {
        "category": "Desertai",
        "items": [
          {
            "name": "Keptas itališkas desertas su bananais ir karamele",
            "desc": "Pristatomas be ledų",
            "price": "€4.89"
          },
          {
            "name": "Baltojo šokolado pyragas",
            "desc": "Patiekiamas su uogomis",
            "price": "€5.89"
          },
          {
            "name": "Morenginis desertas",
            "desc": "Patiekiamas su uogomis ir egzotinių vaisių padažu",
            "price": "€6.39"
          }
        ]
      },
      {
        "category": "Padažai",
        "items": [
          {
            "name": "Česnakinis padažas",
            "desc": "",
            "price": "€0.70"
          },
          {
            "name": "Pomidorų padažas",
            "desc": "",
            "price": "€0.70"
          },
          {
            "name": "Švelnusis padažas",
            "desc": "",
            "price": "€0.70"
          }
        ]
      },
      {
        "category": "Gėrimai",
        "items": [
          {
            "name": "Pepsi 0,5 L",
            "desc": "",
            "price": "€1.69"
          },
          {
            "name": "Pepsi 1L",
            "desc": "",
            "price": "€2.59"
          },
          {
            "name": "Vichy (negazuotas) 0,33l",
            "desc": "",
            "price": "€1.99"
          },
          {
            "name": "Tichė (gazuotas) 0,33ml",
            "desc": "",
            "price": "€2.19"
          },
          {
            "name": "Tichė (negazuotas) 0,33ml",
            "desc": "",
            "price": "€2.19"
          },
          {
            "name": "Švyt. nealkoholinis Go Wheat alus 0,5l",
            "desc": "",
            "price": "€2.99"
          }
        ]
      }
    ]
  },
  {
    "address": "Vilniaus g. 18",
    "location": [
      25.279662264417414,
      54.685075275580715
    ],
    "name": "Bonocosi (Vilniaus g.)",
    "rating": {
      "rating": 4,
      "score": 9
    },
    "short_description": "Restoranas Bonocosì - tai lyg tikri itališki namai",
    "id": "bonocosi-vilniaus-g",
    "tags": [
      "itališka",
      "pica",
      "gėrimai"
    ],
    "distance": "0.9 km",
    "duration": 11,
    "menu": [
      {
        "category": "Picos 30 cm",
        "items": [
          {
            "name": "Prosciutto 30 cm",
            "desc": "Pomidorų padažas, mozzarella, itališkas prosciutto cotto kumpis",
            "price": "€12.45"
          },
          {
            "name": "Margherita 30cm",
            "desc": "Pomidorų padažas, Mozzarella",
            "price": "€9.50"
          },
          {
            "name": "Diavola 30 cm",
            "desc": "Pomidorų padažas, mozzarella, aštrus saliamis",
            "price": "€12.45"
          },
          {
            "name": "Finocchiona e Ramata 30 cm",
            "desc": "Pomidorų padažas, Mozzarella, ne aštrus Toscana regiono Finocchiona saliamis, „Ramata“ svogūnai",
            "price": "€13.95"
          },
          {
            "name": "Diavola + pievagrybiai 30 cm",
            "desc": "Pomidorų padažas, mozzarella, aštrus saliamis, grybai",
            "price": "€13.95"
          },
          {
            "name": "Bufalina 30 cm",
            "desc": "Pomidorų padažas, Mozzarella, Mozzarella di Bufala",
            "price": "€12.00"
          },
          {
            "name": "Prosciutto e Funghi 30 cm",
            "desc": "Pom. padažas, prosciutto cotto, grybai, mozzarella",
            "price": "€13.95"
          },
          {
            "name": "Arrabbiata 30 cm",
            "desc": "Pomidorų padažas, Aštrus saliamis, Nduja, Mozzarella",
            "price": "€13.95"
          },
          {
            "name": "Tonno Blue 30 cm",
            "desc": "Pomidorų padažas, Mozzarella, tunas, „Ramata“ svogūnai",
            "price": "€12.50"
          },
          {
            "name": "Bufalina bianca 30 cm",
            "desc": "Mozzarella, Mozzarella di Bufala, itališki geltonieji bei raudonieji vyšniniai pomidorai, Mozzarella rutuliukai, baziliko lapeliai",
            "price": "€13.50"
          },
          {
            "name": "Monte Bianco 30 cm",
            "desc": "Pievagrybių kremas, mozzarella, prosciutto crudo kumpis, Burrata sūris, graikiniai riešutai bei kraštai užpildyti pievagrybių kremu",
            "price": "€17.50"
          },
          {
            "name": "Pizza di Gianluca 30 cm",
            "desc": "Naminis Pesto padažas, Mozzarella, Mozzarella di Bufala, vyš. pomidorai, sūris Caciocavallo, kedrų riešutai bei kraštai užpildyti naminiu Pesto padažu ir Ricotta sūriu",
            "price": "€17.50"
          },
          {
            "name": "Ortolana 30 cm",
            "desc": "Pomidorų padažas, Mozzarella, saldžiosios paprikos, baklažanas, cukinija",
            "price": "€10.45"
          },
          {
            "name": "N A U J I E N A ! Sempliciotta 30 cm",
            "desc": "Geltonųjų pomidorų padažas, Mozzarella, Eringi grybai, saulėje džiovinti pomidorai, kedrinės pinijos",
            "price": "€13.50"
          },
          {
            "name": "Napoletana 30 cm",
            "desc": "Pomidorų padažas, česnakas, ančiuviai, raudonėlis",
            "price": "€8.50"
          },
          {
            "name": "Calabrese 30 cm",
            "desc": "Pomidorų padažas, kiaulienos Salsiccia (100 proc. itališka mėsa iš Pjemonto regiono), Mozzarella",
            "price": "€13.40"
          }
        ]
      },
      {
        "category": "Bonocosi gamybos Sourdough duona",
        "items": [
          {
            "name": "Itališka Pane \"Pugliese\"",
            "desc": "Tai mūsų gamybos, rankomis formuota tradicinė Apulijos regiono duona. Gamybai naudojame tik kruopščiai atrinktus itališkus miltus iš 100 proc. itališkos kilmės grūdų. PANE PUGLIESE ingridientai: kietagrūdžių kviečių stambaus malimo miltai, kvietiniai miltai Tipo “0”, druska, vanduo, natūralus raugas, sausos mielės.",
            "price": "€4.20"
          },
          {
            "name": "Šviežiai kepta Itališka Pane \"Bianco\"",
            "desc": "Tai natūralaus raugo, rankomis formuota duona. Šios duonos gamybai naudojame tik kruopščiai atrinktus itališkus miltus iš 100 proc. itališkos kilmės grūdų. Tešlą kildiname virš 48 valandų ir šviežiai iškeptą į restoranus pristatome kiekvieną darbo dieną. PANE BIANCO ingridientai: kvietiniai miltai Tipo “00”, kvietiniai miltai Tipo “1” maišyti su termiškai neapdorotu kviečių gemalu ir sėlenomis, druska, vanduo, natūralus raugas, alyvuogių aliejus, miežių salyklas.",
            "price": "€4.75"
          },
          {
            "name": "Šviežiai iškepta Itališka Pane \"Multicereali\"",
            "desc": "Tai natūralaus raugo, rankomis formuota duona. Šios duonos gamybai naudojame tik kruopščiai atrinktus itališkus miltus iš 100 proc. itališkos kilmės grūdų. Tešlą kildiname virš 24 valandų ir šviežiai iškeptą į restoranus pristatome kiekvieną darbo dieną. PANE MULTICEREALI ingridientai: kvietiniai miltai Tipo “1” maišyti su termiškai neapdorotu kviečių gemalu ir sėlenomis, linų sėmenys, aguonos, sezamo sėklos, saulėgražos, kanapių sėklos, druska, vanduo, natūralus raugas, aliejus, miežių salyklas.",
            "price": "€6.15"
          },
          {
            "name": "Šviežiai iškepta Itališka duona su alyvuogėmis",
            "desc": "Šios duonos gamybai naudojame tik kruopščiai atrinktus itališkus miltus iš 100 proc. itališkos kilmės grūdų. Tešlą kildiname virš 48 valandų ir šviežiai iškeptą į restoranus pristatome kiekvieną darbo dieną. P Ingridientai: akmeninėmis girnomis malti kvietiniai miltai Tipo “1” maišyti su termiškai neapdorotu kviečių gemalu ir sėlenomis, pilno grūdo miltai, druska, vanduo, natūralus raugas, žaliosios alyvuogės.",
            "price": "€6.00"
          }
        ]
      }
    ]
  },
  {
    "address": "Vingrių g.11-4",
    "location": [
      25.276741274425756,
      54.67836064037439
    ],
    "name": "Hong Kong (Vingrių g.)",
    "rating": {
      "rating": 3,
      "score": 8.8
    },
    "short_description": "Azijos virtuvės skoniai",
    "id": "hong-kong-vingriu",
    "tags": [
      "kiniška",
      "azijietiška"
    ],
    "distance": "0.3 km",
    "duration": 4,
    "menu": [
      {
        "category": "Dienos pietūs",
        "items": [
          {
            "name": "1. Vištiena „Gong bao“ saldžiarūgščiame padaže (Dienos pietūs)",
            "desc": "",
            "price": "€7.50"
          },
          {
            "name": "2. Kiaušininiai makaronai su vištiena ir daržovėmis sojos padaže (Dienos pietūs)",
            "desc": "",
            "price": "€7.50"
          },
          {
            "name": "3. Troškinta vištiena saldžiarūgščiame padaže (Dienos pietūs)",
            "desc": "",
            "price": "€7.50"
          },
          {
            "name": "4. Vištiena su kiniškais pupelių daigais sojos padaže (Dienos pietūs)",
            "desc": "",
            "price": "€7.50"
          },
          {
            "name": "5. Troškinta vištiena su ananasais (Dienos pietūs)",
            "desc": "",
            "price": "€7.50"
          },
          {
            "name": "6. Troškintos kiaulienos juostelės saldžiarūgščiame padaže (Dienos pietūs)",
            "desc": "",
            "price": "€7.50"
          },
          {
            "name": "7. Kari kiauliena (Dienos pietūs)",
            "desc": "",
            "price": "€7.50"
          },
          {
            "name": "8. Troškinta XIANGGU kiauliena (Dienos pietūs)",
            "desc": "",
            "price": "€7.50"
          },
          {
            "name": "9. Troškinta ZI RAN kiauliena (Dienos pietūs)",
            "desc": "",
            "price": "€7.50"
          },
          {
            "name": "10. Traški kiauliena GUA BAO saldžiarūgščiame padaže (Dienos pietūs)",
            "desc": "",
            "price": "€7.50"
          },
          {
            "name": "11.Troškinta jautiena su kiniškais pupelių daigais sojos padaže (Dienos pietūs)",
            "desc": "",
            "price": "€8.00"
          },
          {
            "name": "12. Troškinta jautiena su svogūnais sojų padaže (Dienos pietūs)",
            "desc": "",
            "price": "€8.00"
          },
          {
            "name": "13. Troškinta jautiena su salierais sojų padaže (Dienos pietūs)",
            "desc": "",
            "price": "€8.00"
          },
          {
            "name": "14. Keptos daržovės HONG KONG sojų padaže (Dienos pietūs)",
            "desc": "",
            "price": "€7.50"
          },
          {
            "name": "15. Traški menkė saldžiarūgščiame padaže (Dienos pietūs)",
            "desc": "",
            "price": "€7.50"
          },
          {
            "name": "16. Traški vištiena pomidorų padaže (Dienos pietūs)",
            "desc": "",
            "price": "€7.50"
          },
          {
            "name": "17. Baklažanai saldžiarūgščiame padaže (Dienos pietūs)",
            "desc": "",
            "price": "€7.50"
          },
          {
            "name": "18. Vištiena su kalmarais skaidriame padaže (Dienos pietūs)",
            "desc": "",
            "price": "€8.00"
          },
          {
            "name": "19. Traški vištiena saldžiarūgščiame padaže (Dienos pietūs)",
            "desc": "",
            "price": "€7.50"
          },
          {
            "name": "20. Traški antiena saldžiarūgščiame padaže (Dienos pietūs)",
            "desc": "",
            "price": "€8.50"
          },
          {
            "name": "26. Kiaušininiai makaronai su keptomis krevetėmis sojų padaže (Dienos pietūs)",
            "desc": "Šis patiekalas patiekiamas be ryžių ir salotų",
            "price": "€8.50"
          }
        ]
      },
      {
        "category": "Wok",
        "items": [
          {
            "name": "21. Wok ryžiai su vištiena",
            "desc": "Ryžiai, kiaušiniai, vištiena, agurkai, svogūnai, morkos, sojų padažas",
            "price": "€7.40"
          },
          {
            "name": "22. Wok ryžiai su kalmarais",
            "desc": "Ryžiai, kiaušiniai, kalmarai, morkos, paprika, sojų padažas",
            "price": "€9.40"
          },
          {
            "name": "23. Wok ryžiai su kalmarais ir krevetėmis",
            "desc": "Ryžiai, kiaušiniai, kalmarai, krevetės, morkos, juodieji kiniški grybai, sojų padažas",
            "price": "€9.40"
          },
          {
            "name": "24. Wok ryžiai su jautiena",
            "desc": "Ryžiai, kiaušiniai, jautiena, morkos, paprika, sojų padažas",
            "price": "€7.40"
          },
          {
            "name": "25. Wok ryžiai su daržovėmis",
            "desc": "Ryžiai, kiaušiniai, morkos, paprika, juodieji kiniški grybai, bambukas, saldžiarūgštis padažas",
            "price": "€6.50"
          }
        ]
      },
      {
        "category": "Šaltieji patiekalai",
        "items": [
          {
            "name": "1-1 ,,Pekino” salotos",
            "desc": "Pekino kopūstai, agurkai, morkos, sojos makaronai, pupelių daigai, juodi kininiai grybai, vištiena, krevetės",
            "price": "€10.40"
          },
          {
            "name": "1-2 ”Hong Kong” salotos",
            "desc": "Pekino kopūstai, agurkai, morkos, sojos makaronai, pupelių daigai, juodi kininiai grybai, jautiena",
            "price": "€10.40"
          },
          {
            "name": "1-3 Vištienos salotos riešutiniame padaže",
            "desc": "Vištiena, agurkai, kiaušinis, žemės riešutai",
            "price": "€11.50"
          },
          {
            "name": "1-5 Agurkų salotos su krevetėmis saldžiarūgščiame padaže",
            "desc": "Agurkai, krevetės, sezamas",
            "price": "€9.40"
          },
          {
            "name": "1-6 Vištų skrandelių salotos",
            "desc": "Vištų skrandeliai, morkos, agurkai",
            "price": "€10.50"
          },
          {
            "name": "1-7 Jautienos salotos sojos padaže",
            "desc": "Jautiena, morkos, agurkai",
            "price": "€10.50"
          },
          {
            "name": "1-8 Jūros gėrybių salotos su sojos padažu",
            "desc": "Jūros gėrybės, morkos, paprika, brokoliai, salierai, juodi kininiai grybai",
            "price": "€10.50"
          }
        ]
      },
      {
        "category": "Sriubos",
        "items": [
          {
            "name": "2-1 Tiršta aštriai rūgšti kalmarų sriuba",
            "desc": "Kalmarai, agurkai, pomidorai, kiaušinis",
            "price": "€5.50"
          },
          {
            "name": "2-2 Aštriai rūgšti jūros gėrybių sriuba",
            "desc": "Jūros gėrybės, agurkai, pomidorai, kiaušinis",
            "price": "€5.50"
          },
          {
            "name": "2-3 Pomidorinė sriuba su vištiena",
            "desc": "Vištiena, pomidorai, pekino kopūstas",
            "price": "€5.50"
          },
          {
            "name": "2-4 Rūgščiai aštri vištienos ir baltų kininių grybų sriuba",
            "desc": "Vištiena, baltieji grybai",
            "price": "€5.50"
          },
          {
            "name": "2-5 Vištienos sriuba su pievagrybiais",
            "desc": "Vištiena, pievagrybiai",
            "price": "€5.50"
          },
          {
            "name": "2-6 Saldi kukurūzų sriuba su vištiena",
            "desc": "Vištiena, kukurūzai, kiaušinis",
            "price": "€5.50"
          },
          {
            "name": "2-7 Tiršta daržovių sriuba",
            "desc": "Pekino kopūstai, morkos, paprika, pupelių daigai",
            "price": "€5.00"
          },
          {
            "name": "2-8 Aštriai rūgšti, pomidorų sriuba su kiniškais baltaisiais grybais",
            "desc": "Baltieji grybai, pomidorai, kiaušinis",
            "price": "€5.50"
          },
          {
            "name": "2-9 Antienos sriuba su daržovėmis",
            "desc": "Antiena, pekino kopūstas, sojos makaronai, kininiai grybai, morkos",
            "price": "€5.50"
          },
          {
            "name": "2-10 Aštriai rūgšti salierų sriuba su jautiena",
            "desc": "Jautiena, salierai, kiaušinis",
            "price": "€5.50"
          },
          {
            "name": "2-11 Rūgšti jūros gėrybių sriuba",
            "desc": "Jūros, gėrybės, pekino kopūstai, svogūnų laiškai",
            "price": "€5.50"
          }
        ]
      },
      {
        "category": "Daržovių patiekalai",
        "items": [
          {
            "name": "3-1 Baklažanai tešloje su salžiarūgščiu padažu",
            "desc": "Baklažanai, morkos, bambukas, paprika, juodieji kininiai grybai",
            "price": "€12.40"
          },
          {
            "name": "3-2 Brokoliai su česnakais",
            "desc": "Brokoliai, morkos, česnakai",
            "price": "€11.40"
          },
          {
            "name": "3-3 Baklažanai karštoje metalinėje lėkštėje su sojos padažu",
            "desc": "Baklažanai, , bulvės, paprika, pomidorai",
            "price": "€14.40"
          },
          {
            "name": "3- 4 Cukinija tešloje su salžiarūgščiu padažu",
            "desc": "Cukinija,morkos, paprika, bambukai, kininiai grybai",
            "price": "€12.40"
          },
          {
            "name": "3-5 Troškinti kininių pupelių daigai sojų padaže",
            "desc": "Kininiai pupelių daigai, morkos, salierai",
            "price": "€11.40"
          }
        ]
      },
      {
        "category": "Vištienos patiekalai",
        "items": [
          {
            "name": "4-1 Traški vištiena su daržovėmis saldžiarūgščiame padaže",
            "desc": "Vištiena, pomidorai, juodieji kininiai grybai",
            "price": "€13.40"
          },
          {
            "name": "4-2 Vištiena troškinta saldžiarūgščiame padaže",
            "desc": "Vištiena, juodieji kininiai grybai, pekino kopūstai",
            "price": "€12.40"
          },
          {
            "name": "4-3 Vištiena ,,Vyšnia’’",
            "desc": "Vištiena",
            "price": "€13.40"
          },
          {
            "name": "4-4 Vištiena “Gong bao” saldžiarūgščiame padaže",
            "desc": "Vištiena, morkos, paprika, žemės riešutai, juodieji kininiai grybai",
            "price": "€12.40"
          },
          {
            "name": "4-5 Vištiena su kiniškais pupelių daigais sojos padaže",
            "desc": "Vištiena, morkos, paprika, pupelių daigai",
            "price": "€12.40"
          },
          {
            "name": "4-6Vištiena su ananasais, paprikomis žaliais žirneliais ir saldžiarūgščiu padažu",
            "desc": "Vištiena, ananasai, paprika, žali žirneliai",
            "price": "€12.40"
          },
          {
            "name": "4-7 Vištienos “Sa Dziu” aštriame sojos padaže",
            "desc": "Vištienos gabaliukai, pekino kopūstai, soju pupelių daigai, juodi kininiai grybai, česnakai, porai",
            "price": "€14.50"
          },
          {
            "name": "4-8 Vištiena ,,Ca Cha”",
            "desc": "Vištiena, pievagrybiai, morkos, paprika",
            "price": "€13.40"
          },
          {
            "name": "4-9 Vištiena su bambukais, kiniškais grybais “Xianggu” sojos padažu",
            "desc": "Vištiena, morkos, paprika, bambukai, kiniški grybai “Xianggu”",
            "price": "€12.40"
          },
          {
            "name": "4-10 Vištiena karštoje metalinėje lėkštėje",
            "desc": "Vištiena, paprika, morkos, svogūnai",
            "price": "€13.40"
          },
          {
            "name": "4-11 Vištiena su brokoliais ir indiškais riešutais",
            "desc": "vištiena, anakardžių riešutai, brokoliai, paprika, morkos, bambukas",
            "price": "€14.40"
          },
          {
            "name": "4-12 Traški vištiena su sezamo sėklomis “Guo bao”",
            "desc": "Vištiena, saldžiarūgštis padažas su sezamo sėklomis",
            "price": "€14.40"
          }
        ]
      },
      {
        "category": "Kalakutienos patiekalai",
        "items": [
          {
            "name": "Kalakutiena “Xianggu” sojos padaže",
            "desc": "Kalakutiena, paprika, morkos, bambukas, juodieji kininiai grybai “Xianggu”",
            "price": "€11.00"
          },
          {
            "name": "Traški kalakutiena su sezamo sėklomis “Guo bao”",
            "desc": "Kalakutiena saldžiarūgštis padažas su sezamo sėklomis",
            "price": "€11.00"
          },
          {
            "name": "Kalakutiena su daržovėmis sojos padaže",
            "desc": "Kalakutiena, paprika, morkos,svogūnai, juodieji kininiai grybai",
            "price": "€11.00"
          },
          {
            "name": "Kalakutienos kubeliai “Gong bao” saldžiarūgščiame padaže",
            "desc": "kalakutiena, morkos, paprika, bambukas, žemės riešutai, juodieji kininiai grybai",
            "price": "€11.00"
          },
          {
            "name": "Kalakutiena su saldžiarūgščiu padažu",
            "desc": "Kalakutiena, morkos, paprika, bambukas, juodieji kininiai grybai",
            "price": "€11.00"
          }
        ]
      },
      {
        "category": "Kiaulienos patiekalai",
        "items": [
          {
            "name": "6-1 Šonkauliai saldžiarūgščiame padaže",
            "desc": "Kiaulienos šonkauliai, agurkai, paprika",
            "price": "€12.90"
          },
          {
            "name": "6-2 Kiauliena su daržovemis sojos padaže",
            "desc": "Kiauliena, pievagrybiai, svogūnai",
            "price": "€11.90"
          },
          {
            "name": "6-3 Kiauliena ,,Zi Ran”",
            "desc": "Kiauliena, morkos, paprika, svogūnai, salierai, kumynas, sezamų sėklos",
            "price": "€11.90"
          },
          {
            "name": "6-4 Kiaulienos juostelės saldžiarūgščiame padaže",
            "desc": "Kiauliena, paprika, morkos, juodieji kininiai grybai",
            "price": "€11.90"
          },
          {
            "name": "6-5 Kiaulienos kubeliai “Gongbao” saldžiarūgščiame padaže",
            "desc": "Kiauliena, morkos, paprika, žemės riešutai, juodieji kininiai grybai",
            "price": "€11.90"
          },
          {
            "name": "6-6 Kiaulienos su bulvėmis ir sojos padaže",
            "desc": "Kiauliena, paprika, bulvės",
            "price": "€12.90"
          },
          {
            "name": "6-7 Kiauliena su bambukais ir kiniškais grybais “Xianggu”",
            "desc": "Kiauliena, bambukas, morkos, paprika, kiniški grybai “Xianggu”",
            "price": "€11.90"
          },
          {
            "name": "6-8 Traški kiauliena “Gulao”",
            "desc": "Kiauliena, ananasai, paprika",
            "price": "€11.90"
          },
          {
            "name": "6-9 Kiauliena “Sa Dziu” aštriame sojos padaže",
            "desc": "Kiauliena, pekino kopūstai, soju pupelių daigai, juodi kininai grybai, česnakai",
            "price": "€13.90"
          },
          {
            "name": "6-10 Traški kiauliena su sezamo sėklomis “Guo bao”",
            "desc": "Kiauliena, saldžiarūgštis padažas su sezamo sėklomis",
            "price": "€12.90"
          }
        ]
      },
      {
        "category": "Jautienos patiekalai",
        "items": [
          {
            "name": "7-1 Jautiena su svogūnais sojos padaže",
            "desc": "Jautiena, paprika, morkos, juodi kininai grybai, svogūnai",
            "price": "€14.50"
          },
          {
            "name": "7-2 Jautiena su salierais sojos padaže",
            "desc": "Jautiena, paprika, svogūnai, salierai",
            "price": "€14.50"
          },
          {
            "name": "7-3 Žuvies skonio jautiena",
            "desc": "Jautiena, paprika, svogūnai, morkos, juodieji kininai grybai, bambukas",
            "price": "€14.50"
          },
          {
            "name": "7-4 Jautienos kubeliai “Gong bao” saldžiarūgščiame padaže",
            "desc": "Jautiena, morkos, paprika, bambukas, juodieji kininai grybai, žemės riešutai",
            "price": "€14.50"
          },
          {
            "name": "7-5 Jautiena “ Sa Cha” padaže",
            "desc": "Jautiena, morkos, paprika, pievagrybiai",
            "price": "€14.50"
          },
          {
            "name": "7-6 Jautiena “Xianggu” sojos padaže",
            "desc": "Jautiena, morkos, bambukas, kiniški grybai “Xianggu”",
            "price": "€14.50"
          },
          {
            "name": "7-7 Jautienos juostelės su sezamo sėklomis aštriame padaže",
            "desc": "Jautiena, paprika, morkos, svogūnai, soju pupeliu daigai, su sezamo sėklos",
            "price": "€15.50"
          },
          {
            "name": "7-8 Jautiena “ Sa Dziu” aštriame sojos padaže",
            "desc": "Jautiena, pekino kopūstas, soju pupeliu daigai, juodi kininai grybai, česnakai, porai",
            "price": "€15.50"
          },
          {
            "name": "7-9 Jautienos gabaliukai karštoje metalinėje lėkštėje, sojos padaže",
            "desc": "Jautiena, morkos, svogūnai, pievagrybai",
            "price": "€15.50"
          }
        ]
      },
      {
        "category": "Žuvies patiekalai",
        "items": [
          {
            "name": "8-1 Voverės formos karpis",
            "desc": "Karpis, žali žirneliai, saldžiarūgštis padažas",
            "price": "€30.00"
          },
          {
            "name": "8-3 Menkė SA DZIU aštriame sojos padaže",
            "desc": "Menkė, pekino kopūstas, soju pupeliu daigeliu daigai, juodi kininai grybai, česnakai, porai",
            "price": "€30.00"
          },
          {
            "name": "8-4 Menkės filė tešloje su saldžiarūgščiu padažu",
            "desc": "Menkės gabaliukai, brokoliai, bambukas, juodieji kininiai grybai",
            "price": "€12.90"
          },
          {
            "name": "8-5 Menkės filė “Gong bao”",
            "desc": "Menkių gabaliukai, morkos, paprika, bambukas, juodieji kininiai grybai, žemės riešutai",
            "price": "€12.90"
          },
          {
            "name": "8-6 Menkės filė tešloje “Xianggu” sojos padaže",
            "desc": "Menkių gabaliukai, morkos, bambukas, kiniški grybai “Xianggu”",
            "price": "€12.90"
          },
          {
            "name": "8-7 Menkė “Guo bao”",
            "desc": "Menkė, saldžiarūgštis padažas su sezamo sėklomis",
            "price": "€12.90"
          }
        ]
      },
      {
        "category": "Jūros gėrybių patiekalai",
        "items": [
          {
            "name": "9-1 Krevetės “Gong bao” su saldžiarūgščiu padažu",
            "desc": "Krevetės, morkos, paprika, juodieji kininiai grybai, žemes riešutai",
            "price": "€14.00"
          },
          {
            "name": "9-2 Keptos krevetės su vištiena ir riešutais",
            "desc": "Krevetės, vištiena, morkos, paprika, anakardžių riešutai, juodieji kininiai grybai",
            "price": "€14.00"
          },
          {
            "name": "9-3 Krevetės tešloje “Guo bao”",
            "desc": "Krevetės, saldžiarūgštis padažas su sezamo sėklomis",
            "price": "€14.00"
          },
          {
            "name": "9-4 Keptos krevetės su saldžiarūgščiu padažu",
            "desc": "Krevetės, morkos, paprika, juodieji kininiai grybai, bambukas",
            "price": "€14.00"
          },
          {
            "name": "9-5 Krevetės su brokoliais ir indiškais riešutais troškintos aluje",
            "desc": "Krevetės, morkos, anakardžių riešutais, brokoliai",
            "price": "€15.00"
          },
          {
            "name": "9-6 Jūros gėrybės sojos padaže",
            "desc": "Jūros gėrybės, morkos, paprika, juodieji kininiai grybai, bambukas",
            "price": "€14.00"
          },
          {
            "name": "9-7 Jūros gėrybės karštoje metalinėje lėkštėje",
            "desc": "Jūros gėrybės, morkos, paprika, juodieji kininiai grybai, bambukas, svogūnai",
            "price": "€15.00"
          },
          {
            "name": "9-8 Kalmarai saldžiarūgščiai aštriame padaže",
            "desc": "Kalmarai, morkos, brokoliai, juodieji kininai grybai, bambukas",
            "price": "€15.50"
          },
          {
            "name": "9-9Kalmarai su sojos padažu",
            "desc": "Kalmarai, paprika, morkos, juodieji kininiai grybai",
            "price": "€15.50"
          },
          {
            "name": "9-10 Kalmarai karštoje metalinėje lėkštėje",
            "desc": "Kalmarai, morkos, paprika, kiniški grybai “Xianggu” bambukas, svogūnai",
            "price": "€16.00"
          }
        ]
      },
      {
        "category": "Antienos patiekalai",
        "items": [
          {
            "name": "10-1 Aromatiška traški antis",
            "desc": "Antiena, bambukas, kiniški grybai “Xianggu”",
            "price": "€15.00"
          },
          {
            "name": "10-2Antiena “Sa Cha” padažu",
            "desc": "Antiena, paprika, morkos, pievagrybiai",
            "price": "€15.00"
          },
          {
            "name": "10-3 Antiena troškinta su saldžiarūgščiu padažu",
            "desc": "Antiena, paprika, morkos, bambukas, juodieji kininiai grybai, salierai",
            "price": "€15.00"
          },
          {
            "name": "10-4 Antiena su apelsininiu padažu",
            "desc": "Antiena, ananasai, paprika, raudonieji serbentai",
            "price": "€15.00"
          },
          {
            "name": "Antiena troškinta aluje",
            "desc": "Antiena, morkos, paprika, juodieji kininiai grybai",
            "price": "€15.00"
          },
          {
            "name": "10-6 Antiena su kiniškais sojų pupelių daigais sojos padaže",
            "desc": "Antiena, morkos, paprika, sojų pupelių daigai",
            "price": "€15.00"
          },
          {
            "name": "10-7 Antiena karštoje įkaitintoje metalinėje lėkštėje",
            "desc": "Antiena, brokoliai, juodi kininiai grybai, sojų pupelių daigai, svogūnai",
            "price": "€15.00"
          },
          {
            "name": "10-8 Antiena sojos padaže",
            "desc": "Antiena, paprika, morkos, bambukas, juodi kininiai grybai",
            "price": "€15.00"
          }
        ]
      },
      {
        "category": "Ryžiai",
        "items": [
          {
            "name": "13-1 Virti ryžiai",
            "desc": "",
            "price": "€2.00"
          },
          {
            "name": "13-2 Kepti ryžiai su kiaušiniu",
            "desc": "Ryžiai, kiaušinis",
            "price": "€2.50"
          },
          {
            "name": "13-3 Kepti ryžiai su kiaušiniu ir daržovėmis",
            "desc": "Ryžiai, morkos, agurkai, pekino kopūstai, juodieji kininiai grybai, kiaušiniai",
            "price": "€5.00"
          },
          {
            "name": "13- 4 Kepti ryžiai su kiaušiniu ir jautiena",
            "desc": "Ryžiai, morkos, kiaušiniai, svogūnai, jautiena",
            "price": "€6.00"
          },
          {
            "name": "13-5 Kepti ryžiai su kiaušiniu daržovėmis ir krevetėmis",
            "desc": "Ryžiai, krevetės, morkos, pekino kopūstai, kiaušiniai, juodieji kininiai grybai, pupelių daigai",
            "price": "€6.00"
          },
          {
            "name": "13- 6 Kepti makaronai sojos padaže",
            "desc": "Vištiena, makaronai, pekino kopūstai, morkos, juodieji kininiai grybai",
            "price": "€6.00"
          }
        ]
      },
      {
        "category": "Saldieji patiekalai",
        "items": [
          {
            "name": "12-1 Šilkinių vaisių asorti su sezamo sėklomis",
            "desc": "",
            "price": "€10.00"
          },
          {
            "name": "12-2 Šilkiniai obuoliai su sezamo sėklomis",
            "desc": "",
            "price": "€10.00"
          },
          {
            "name": "12-3 Šilkiniai bananai su sezamo sėklomis",
            "desc": "",
            "price": "€10.00"
          },
          {
            "name": "12-4 Šilkiniai ananasai su sezamo sėklomis",
            "desc": "",
            "price": "€10.00"
          },
          {
            "name": "12-5 Šilkiniai blyneliai su sezamo sėklomis",
            "desc": "",
            "price": "€10.00"
          }
        ]
      },
      {
        "category": "Gaivieji gėrimai",
        "items": [
          {
            "name": "Coca-Cola Zero 0,5 l",
            "desc": "",
            "price": "€3.00"
          },
          {
            "name": "Coca-Cola Lime Zero 0,5 l",
            "desc": "",
            "price": "€3.00"
          },
          {
            "name": "Sprite 0,5 l",
            "desc": "",
            "price": "€3.00"
          },
          {
            "name": "Fanta 0,5 l",
            "desc": "",
            "price": "€3.00"
          },
          {
            "name": "Gazuotas Neptūnas vanduo 0,5 l",
            "desc": "",
            "price": "€2.50"
          },
          {
            "name": "Negazuotas Neptūnas vanduo 0,5 l",
            "desc": "",
            "price": "€2.50"
          },
          {
            "name": "Nealkoholinis alus Iš kartos į kartą 0,5 l",
            "desc": "",
            "price": "€3.50"
          },
          {
            "name": "Schweppes Tonic 0,250l",
            "desc": "",
            "price": "€3.00"
          },
          {
            "name": "Schweppes Pink 0,250 l",
            "desc": "",
            "price": "€3.00"
          }
        ]
      }
    ]
  },
  {
    "address": "Vokiečių g. 7",
    "location": [
      25.28468012809753,
      54.67910627262731
    ],
    "name": "Sushi Express (Vokiečių g.)",
    "rating": {
      "rating": 4,
      "score": 9.2
    },
    "short_description": "Greito maisto japonų restoranas",
    "id": "sushi-express-vokieciu-g",
    "tags": [
      "sušiai",
      "japoniška",
      "azijietiška"
    ],
    "distance": "0.7 km",
    "duration": 10,
    "menu": [
      {
        "category": "Draugiški piniginei",
        "items": [
          {
            "name": "A1",
            "desc": "Mangas, avokadas, kremas, sezamas. 8 vnt. Mažiau ryžių",
            "price": "€6.59"
          },
          {
            "name": "A2",
            "desc": "Tunas, krabų lazdelės, agurkas, kremas. 8 vnt. Mažiau ryžių",
            "price": "€7.29"
          },
          {
            "name": "A3",
            "desc": "Lašiša, agurkas, masago ikrai, kremas. 8 vnt. Mažiau ryžių",
            "price": "€6.59"
          },
          {
            "name": "A4",
            "desc": "Tigrinė krevetė, svogūnų traškučiai, agurkas, masago ikrai, karai padažas. 8 vnt. Mažiau ryžių",
            "price": "€6.59"
          },
          {
            "name": "A5",
            "desc": "Lašiša, krabų lazdelės, tempuros traškučiai, avokadas, kremas. 8 vnt. Mažiau ryžių",
            "price": "€6.59"
          },
          {
            "name": "A6",
            "desc": "Lašiša, krabų lazdelės, tempuros traškučiai, masago ikrai, teriyaki padažas. 8 vnt. Mažiau ryžių",
            "price": "€7.29"
          },
          {
            "name": "A7",
            "desc": "Tunas, wakame jūros dumbliai, čili ir teriyaki padažas, tempura. 8 vnt. Mažiau ryžių",
            "price": "€7.29"
          },
          {
            "name": "A8",
            "desc": "Krabų lazdelės, smidras, masago ikrai, tempura. 8 vnt. Mažiau ryžių",
            "price": "€7.29"
          }
        ]
      },
      {
        "category": "Pavasario naujienos",
        "items": [
          {
            "name": "PV1",
            "desc": "Apkeptas tunas, agurkas, masago ikrai, kremas, karai padažas, saulėgrąžų daigai.",
            "price": "€9.79"
          },
          {
            "name": "PV2",
            "desc": "Lašiša, mangas, agurkas, masago ikrai, kremas, ridikėlių daigai.",
            "price": "€9.79"
          },
          {
            "name": "PV3",
            "desc": "Ungurys, mangas, edamame pupelės, masago ikrai, tempura, kremas, karai padažas, ridikėlių daigai.",
            "price": "€9.79"
          },
          {
            "name": "PV4",
            "desc": "Degintas tunas, tigrinė krevetė, agurkas, tempuros traškučiai, kremas, teriyaki padažas, saulėgrąžų daigai.",
            "price": "€9.79"
          },
          {
            "name": "PV5",
            "desc": "Kepti aštuonkojai, ryžiai, morkos, edamame pupelės, wakame jūros dumbliai, saulėgrąžų daigai, teriyaki padažas, citrina.",
            "price": "€9.79"
          }
        ]
      },
      {
        "category": "Sushi su lašiša",
        "items": [
          {
            "name": "67. Hitomaki",
            "desc": "Lašiša, avokadas, kremas. 8 vnt.",
            "price": "€9.49"
          },
          {
            "name": "62. Saku",
            "desc": "Traški lašiša, masago ikrai, kremas, svogūnų laiškai. 8 vnt.",
            "price": "€8.79"
          },
          {
            "name": "16. Alaska",
            "desc": "Kepta lašiša, krabų lazdelės, avokadas, kremas, tempuros traškučiai. 8 vnt.",
            "price": "€8.79"
          },
          {
            "name": "11. Sake tempura",
            "desc": "Lašiša, tempuros traškučiai, agurkas, majonezas, sezamų sėklos. 8 vnt.",
            "price": "€7.29"
          },
          {
            "name": "12. Soboro 🌶",
            "desc": "Kepta lašiša, agurkas, karai padažas, sezamų sėklos. 8 vnt.",
            "price": "€8.79"
          },
          {
            "name": "20. Philadelphia",
            "desc": "Lašiša, krabų lazdelės, agurkas, kremas. 8 vnt.",
            "price": "€8.79"
          },
          {
            "name": "19. Sake masago",
            "desc": "Rūkyta lašiša, wakame salotos, masago ikrai, kremas. 8 vnt.",
            "price": "€8.79"
          },
          {
            "name": "34. Kuroi sake 🌶",
            "desc": "Rūkyta lašiša, agurkas, svogūnų traškučiai, kremas, čili padažas, sezamų sėklos. 8 vnt.",
            "price": "€9.49"
          },
          {
            "name": "27. Jambo",
            "desc": "Lašiša, tigrinė krevetė, agurkas, kremas. 8 vnt.",
            "price": "€9.89"
          }
        ]
      },
      {
        "category": "Sushi su krevetėmis",
        "items": [
          {
            "name": "29. Ebi masago",
            "desc": "Tigrinė krevetė, avokadas, agurkas, masago ikrai, kremas. 8 vnt.",
            "price": "€9.89"
          },
          {
            "name": "51. Ebi avocado",
            "desc": "Traški tigrinė krevetė, masago ikrai, avokadas, svogūnų laiškai, kremas, sezamų sėklos. 8 vnt.",
            "price": "€9.49"
          },
          {
            "name": "35. Kuroshiro",
            "desc": "Tigrinė krevetė, masago ikrai, agurkas, kremas, sezamų sėklos. 8 vnt.",
            "price": "€9.49"
          }
        ]
      },
      {
        "category": "Sushi su tunu",
        "items": [
          {
            "name": "28. Jambo maguro",
            "desc": "Tunas, tigrinė krevetė, agurkas, kremas. 8 vnt.",
            "price": "€9.49"
          },
          {
            "name": "14. Karai maguro 🌶",
            "desc": "Tunas, agurkas, karai padažas, sezamų sėklos. 8 vnt.",
            "price": "€8.39"
          },
          {
            "name": "59. Kyuri sake maguro 🌶",
            "desc": "Lašiša, tunas, masago ikrai, agurkas, tempuros traškučiai, svogūnų laiškai, kremas, čili padažas. 8 vnt.",
            "price": "€9.49"
          }
        ]
      },
      {
        "category": "Sushi su unguriu",
        "items": [
          {
            "name": "31. Kioto",
            "desc": "Ungurys, krabų lazdelės, masago ikrai, tempuros traškučiai, majonezas, teriyaki padažas, sezamų sėklos. 8 vnt.",
            "price": "€9.49"
          },
          {
            "name": "26. Canada",
            "desc": "Ungurys, lašiša, agurkas, kremas, teriyaki padažas, sezamų sėklos. 8 vnt.",
            "price": "€10.59"
          },
          {
            "name": "22. Kanraku",
            "desc": "Ungurys, smidras tempuroje, agurkas, tempuros traškučiai, teriyaki padažas, 8 vnt.",
            "price": "€9.89"
          }
        ]
      },
      {
        "category": "Sushi su krabų lazdelėmis",
        "items": [
          {
            "name": "7. Kani",
            "desc": "Krabų lazdelės, avokadas, agurkas, majonezas, sezamų sėklos. 8 vnt.",
            "price": "€7.29"
          },
          {
            "name": "18. California",
            "desc": "Krabų lazdelės, masago ikrai, avokadas, kremas. 8 vnt.",
            "price": "€8.39"
          },
          {
            "name": "61. Akarui",
            "desc": "Rūkyta lašiša, krabų lazdelės, masago ikrai, agurkas, majonezas. 8 vnt.",
            "price": "€8.39"
          },
          {
            "name": "9. Panko",
            "desc": "Krabų lazdelės, paprika, agurkas, kremas, tempuros traškučiai. 8 vnt.",
            "price": "€7.29"
          },
          {
            "name": "32. Natsumuki",
            "desc": "Krabų lazdelės, lašiša, agurkas, svogūnų laiškai, masago ikrai, karai padažas, 8 vnt.",
            "price": "€8.79"
          },
          {
            "name": "63. Akai",
            "desc": "Krabų lazdelės, mangas, agurkas, masago ikrai, karai padažas, 8 vnt.",
            "price": "€9.49"
          }
        ]
      },
      {
        "category": "Sushi su mangais",
        "items": [
          {
            "name": "37. Kuwairo",
            "desc": "Traški tigrinė krevetė, avokadas, kremas, mangas, sezamų sėklos, 8 vnt.",
            "price": "€9.89"
          },
          {
            "name": "54. Hazumi",
            "desc": "Tigrinė krevetė, mangas, masago ikrai, kremas, avokadas, sezamų sėklos, 8 vnt.",
            "price": "€10.99"
          },
          {
            "name": "38. Gosai",
            "desc": "Apkeptas tunas, avokadas, kremas, mangas, sezamų sėklos, čili padažas, 8 vnt.",
            "price": "€9.89"
          }
        ]
      },
      {
        "category": "Vegetariški sushi",
        "items": [
          {
            "name": "52. Bejitaburu",
            "desc": "Avokadas, agurkas, cukinija, tempuros traškučiai, teriyaki padažas, sezamų sėklos. 8 vnt.",
            "price": "€8.39"
          },
          {
            "name": "60. Beji beji 🌶",
            "desc": "Tempuroje keptas baklažanas ir cukinija, agurkas, wakame salotos, čili padažas, teriyaki padažas. 8 vnt.",
            "price": "€8.39"
          },
          {
            "name": "33. Seika",
            "desc": "Smidras tempuroje, agurkas, paprika, teriyaki padažas, avokadas, sezamų sėklos, 8 vnt.",
            "price": "€8.79"
          }
        ]
      },
      {
        "category": "Kepti sushi",
        "items": [
          {
            "name": "21. Fudziama",
            "desc": "Lašiša, agurkas, tempura, kremas. 8 vnt.",
            "price": "€8.79"
          },
          {
            "name": "72. Asuparagasu",
            "desc": "Kepta lašiša, masago ikrai, smidras, teriyaki padažas. 8 vnt.",
            "price": "€9.49"
          },
          {
            "name": "30. Tempura",
            "desc": "Ungurys, lašiša, agurkas, tempura, kremas. 8 vnt.",
            "price": "€9.49"
          },
          {
            "name": "36. Vulcano",
            "desc": "Tunas, krabų lazdelės, masago ikrai, avokadas, tempura, majonezas. 8 vnt.",
            "price": "€9.49"
          },
          {
            "name": "10. Tempura yasai",
            "desc": "Raudonoji ir žalioji paprika, cukinija, baklažanas, tempura, kremas. 8 vnt.",
            "price": "€8.39"
          },
          {
            "name": "23. Meishou 🌶",
            "desc": "Lašiša, krabų lazdelės, masago ikrai, agurkas, svogūnų laiškai, tempura, kremas, teriyaki ir karai padažas. 8 vnt.",
            "price": "€9.49"
          }
        ]
      },
      {
        "category": "Premium sushi",
        "items": [
          {
            "name": "74. Masayume",
            "desc": "Traški tigrinė krevetė, masago ikrai, avokadas, svogūnų traškučiai, kremas. 8 vnt.",
            "price": "€10.99"
          },
          {
            "name": "77. Burakku maguro",
            "desc": "Tunas, tigrinė krevetė, masago ikrai, wakame salotos, kremas. 8 vnt.",
            "price": "€12.09"
          },
          {
            "name": "73. Shiruki maguro 🌶",
            "desc": "Apkeptas tunas, avokadas, svogūnų laiškai, sezamų sėklos, karai padažas. 8 vnt.",
            "price": "€12.09"
          }
        ]
      },
      {
        "category": "Maki Sushi",
        "items": [
          {
            "name": "1. Kappa maki",
            "desc": "Agurkas. 6 vnt.",
            "price": "€4.39"
          },
          {
            "name": "2. Avocado maki",
            "desc": "Avokadas. 6 vnt.",
            "price": "€4.39"
          },
          {
            "name": "3. Kani maki",
            "desc": "Krabų lazdelės. 6 vnt.",
            "price": "€4.39"
          },
          {
            "name": "4. Kappa sake maki",
            "desc": "Lašiša, agurkas. 6 vnt.",
            "price": "€5.49"
          },
          {
            "name": "5. Karai sake maki 🌶",
            "desc": "Lašiša, karai padažas. 6 vnt.",
            "price": "€5.49"
          },
          {
            "name": "56. Ebi maki 🌶",
            "desc": "Krevetės, karai padažas. 6 vnt.",
            "price": "€5.49"
          }
        ]
      },
      {
        "category": "Nigiri ir Gunkan",
        "items": [
          {
            "name": "Nigiri su lašiša",
            "desc": "1 vnt.",
            "price": "€3.99"
          },
          {
            "name": "Nigiri su rūkyta lašiša",
            "desc": "1 vnt.",
            "price": "€3.99"
          },
          {
            "name": "Nigiri su unguriu",
            "desc": "1 vnt.",
            "price": "€3.99"
          },
          {
            "name": "Nigiri su tunu",
            "desc": "1 vnt.",
            "price": "€3.99"
          },
          {
            "name": "Gunkan su krabų lazdelėmis ir karai padažu 🌶",
            "desc": "1 vnt.",
            "price": "€4.39"
          },
          {
            "name": "Gunkan su lašiša ir karai padažu 🌶",
            "desc": "1 vnt.",
            "price": "€4.39"
          },
          {
            "name": "Gunkan su tunu ir karai padažu 🌶",
            "desc": "1 vnt.",
            "price": "€4.39"
          },
          {
            "name": "Gunkan su krevete ir karai padažu 🌶",
            "desc": "1 vnt.",
            "price": "€4.39"
          }
        ]
      },
      {
        "category": "Rinkiniai",
        "items": [
          {
            "name": "Sushi rinkinys R1",
            "desc": "1 žmogui. Sake tempura 4 vnt. Karai maguro 🌶 4 vnt.",
            "price": "€8.79"
          },
          {
            "name": "Sushi rinkinys R2",
            "desc": "1 žmogui. California 4 vnt. Philadelphia 4 vnt.",
            "price": "€8.79"
          },
          {
            "name": "Sushi rinkinys R10",
            "desc": "1 žmogui. Soboro 🌶 4 vnt. Alaska 4 vnt.",
            "price": "€8.79"
          },
          {
            "name": "Sushi rinkinys R11",
            "desc": "1 žmogui. Kuroi sake 🌶 4 vnt. Kuroshiro 4 vnt.",
            "price": "€9.49"
          },
          {
            "name": "Sushi rinkinys R15",
            "desc": "1 žmogui. Fudzijama 4 vnt. Atsui ebi 🌶 4 vnt.",
            "price": "€8.79"
          },
          {
            "name": "Sushi rinkinys R17",
            "desc": "1 žmogui. Tempura 4 vnt. Tempura yasai 4 vnt.",
            "price": "€8.79"
          },
          {
            "name": "Sushi rinkinys R16",
            "desc": "2 žmonėms. Meishou 8 vnt. Vulcano 8 vnt.",
            "price": "€17.59"
          },
          {
            "name": "Sushi rinkinys R5",
            "desc": "2 žmonėms. Sake tempura 4 vnt. Karai maguro 🌶 4 vnt. Panko 4 vnt. California 4 vnt.",
            "price": "€13.19"
          },
          {
            "name": "Sushi rinkinys R6",
            "desc": "2 žmonėms. Kappa maki 3 vnt. Kani maki 3 vnt. Philadelphia 4 vnt. Alaska 4 vnt.",
            "price": "€12.09"
          },
          {
            "name": "Sushi rinkinys R9",
            "desc": "2 žmonėms. Jambo maguro 4 vnt. Canada 4 vnt. California 4 vnt. Saku 4 vnt.",
            "price": "€15.39"
          },
          {
            "name": "Sushi rinkinys R12",
            "desc": "3 žmonėms. Ebi masago 4 vnt. Philadelhia 4 vnt. Masago 4 vnt. Akarui 4 vnt. Canada 4 vnt. Karai maguro 🌶 4 vnt.",
            "price": "€24.19"
          },
          {
            "name": "Sushi rinkinys R8",
            "desc": "3 žmonėms. California 4 vnt. Philadelphia 4 vnt. Canada 4 vnt. Alaska 4 vnt. Karai maguro 🌶 4 vnt. Masago 4 vnt.",
            "price": "€23.09"
          }
        ]
      },
      {
        "category": "Padėklai",
        "items": [
          {
            "name": "Sushi padėklas Party Nr. 1",
            "desc": "Sushi padėklas 4-5 žmonėms Kappa maki 6 vnt. Kappa sake maki 6 vnt. Jambo 8 vnt. California 8 vnt. Kani 8 vnt. Sake tempura 8 vnt.",
            "price": "€36.29"
          },
          {
            "name": "Sushi padėklas Party Nr. 2",
            "desc": "Sushi padėklas 5-7 žmonėms Sake kappa maki 6 vnt. Panko 8 vnt. Sake tempura 8 vnt. Philadelphija 8 vnt. Canada 8 vnt. Saku 8 vnt. Kuroi sake 🌶 8 vnt.",
            "price": "€48.39"
          },
          {
            "name": "Sushi padėklas Party Nr. 4",
            "desc": "Sushi padėklas 6-8 žmonėms, 64 vnt. Jambo maguro 8 vnt. Hitomaki 8 vnt. Canada 8 vnt. Saku 8 vnt. California 8 vnt. Ebi massago 8 vnt. Kuroi sake 8 vnt. Sake tempura 8 vnt.",
            "price": "€61.59"
          },
          {
            "name": "Sushi padėklas Mini Party",
            "desc": "3-4 žmonėms. Ebi avokado 8 vnt. Philadelhia 8 vnt. California 8 vnt. Kuroi sake 🌶 8 vnt.",
            "price": "€31.89"
          },
          {
            "name": "Sushi padėklas VIP Party",
            "desc": "Sushi padėklas 7-9 žmonėms Jambo 8 vnt. Ebi masago 8 vnt. Philly 8 vnt. Canada tempura 8 vnt. Denito 8 vnt. Burakku maguro 8 vnt. Takeshi 8 vnt. Tokyo 10 vnt.",
            "price": "€72.89"
          },
          {
            "name": "Sushi padėklas Super VIP Party",
            "desc": "Sushi padėklas 7-9 žmonėms Ebi avokado 8 vnt. Kyuri sake maguro 🌶 8 vnt. Jambo 8 vnt. Kuroi sake 🌶 8 vnt. Boston 8 vnt. Ebi masago 8 vnt. Unagi 8 vnt. Masayume 8 vnt.",
            "price": "€85.39"
          },
          {
            "name": "Mažasis Sushi tortas",
            "desc": "Sushi tortas 6-8 žmonėms Philadelphija 16 vnt. California 8 vnt. Sa Tempura 24 vnt. Tokyo 10 vnt. Karai sake maki 🌶 8 vnt.",
            "price": "€55.69"
          },
          {
            "name": "Didysis Sushi tortas",
            "desc": "Sushi tortas 15-17 žmonių Philadelphija 40 vnt. California 16 vnt. Sake masago 16 vnt. Sa Tempura 24 vnt. Kani 16 vnt. Karai sake maki 🌶 8 vnt. Keptos krevetės 8 vnt. Wakame salotos 1 porc.",
            "price": "€118.39"
          }
        ]
      },
      {
        "category": "Sumuštiniai",
        "items": [
          {
            "name": "57. Onigirazu rainbow",
            "desc": "Traški lašiša, masago ikrai, kepta morka, agurkas, majonezas. 2 vnt.",
            "price": "€8.79"
          },
          {
            "name": "64. Onigirazu ebi",
            "desc": "Tigrinės krevetės, masago ikrai, avokadas, agurkas, karai padažas, 2 vnt.",
            "price": "€8.79"
          }
        ]
      },
      {
        "category": "Bowl",
        "items": [
          {
            "name": "B1 Yasai poke bowl",
            "desc": "Keptas tofu sūris, ryžiai, avokadas, tempuroje keptas baklažanas ir cukinija, morka, svogūnų laiškai, teriyaki padažas, sezamų sėklos.",
            "price": "€9.89"
          },
          {
            "name": "B2. Sake poke bowl",
            "desc": "Lašiša, ryžiai, agurkas, avokadas, morka, edamame pupelės, svogūnų laiškai, sambal bowl padažas, sezamų sėklos.",
            "price": "€12.09"
          },
          {
            "name": "B3. Jarijari sake poke bowl",
            "desc": "Traški lašiša, ryžiai, agurkas, wakame salotos, morkos, edamame pupelės, svogūnų laiškai, sambal bowl padažas, sezamų sėklos.",
            "price": "€12.09"
          },
          {
            "name": "B4. Ebi poke bowl",
            "desc": "Traški tigrinė krevetė, ryžiai, wakame salotos, avokadas, cukinija, morka, svogūnų laiškai, sambal bowl padažas, sezamų sėklos, citrina.",
            "price": "€12.09"
          },
          {
            "name": "43. Wakame salotos",
            "desc": "Wakame jūros dumbliai, agurkas, morka, citrina.",
            "price": "€4.69"
          },
          {
            "name": "B5. Maguro poke bowl",
            "desc": "Tunas tempuroje, ryžiai, Edamame pupelės, agurkas, morka, svogūnų laiškai, Katsu bowl padažas, sezamų sėklos",
            "price": "€12.39"
          }
        ]
      },
      {
        "category": "Makaronai",
        "items": [
          {
            "name": "M1 Makaronai su vištiena",
            "desc": "Vištiena, kvietiniai makaronai, šparaginės pupelės, paprika, imbieras, česnakas, svogūnų laiškai, teriyaki padažas, kalendra, sezamų sėklos.",
            "price": "€8.39"
          },
          {
            "name": "M2 Makaronai su lašiša",
            "desc": "Lašiša, kvietiniai makaronai, smidrai, morka, paprika, imbieras, česnakas, svogūnų laiškai, teriyaki padažas, kalendra, sezamų sėklos",
            "price": "€8.39"
          },
          {
            "name": "M3 Makaronai su jūros gėrybėmis",
            "desc": "Jūros gėrybės, kvietiniai makaronai, paprika, morka, cukinija, imbieras, česnakas, čili pipiras, teriyaki padažas, kalendra, sezamų sėklos.",
            "price": "€8.79"
          }
        ]
      },
      {
        "category": "Sriubos",
        "items": [
          {
            "name": "39. Miso sriuba",
            "desc": "Miso sultinys, tofu sūris, šitakio grybai, wakame jūros dumbliai.",
            "price": "€4.39"
          },
          {
            "name": "40. Lašišos sriuba su daržovėmis",
            "desc": "Lašišos sultinys, kepta lašiša, ryžių makaronai, cukinija, paprika, wakame jūros dumbliai.",
            "price": "€4.39"
          },
          {
            "name": "41. Daržovių sriuba su krevetėmis 🌶",
            "desc": "Lašišos sultinys, kvietiniai makaronai, mažosios krevetės, cukinija, paprika, svogūnų laiškai, čili padažas.",
            "price": "€4.39"
          },
          {
            "name": "42. Miso sriuba su jūros gėrybėmis",
            "desc": "Miso sultinys, jūros gėrybės, ryžiai, wakame juros dumbliai.",
            "price": "€4.39"
          },
          {
            "name": "50. Vištienos sriuba 🌶",
            "desc": "Vištienos sultinys, vištiena, ryžių makaronai, kokoso pienas, cukinija, svogūnų laiškai, čili pipiras.",
            "price": "€4.39"
          }
        ]
      },
      {
        "category": "Karšti užkandžiai",
        "items": [
          {
            "name": "44. Spring rolls",
            "desc": "Spring rolls su daržovėmis, saldžiarūgštis čili padažas. 8 vnt.",
            "price": "€4.59"
          },
          {
            "name": "Nr. 47 Koldūnai su kiauliena",
            "desc": "Kepti japoniški koldūnai su kiauliena, saldžiarūgščiu čili padažu. 12 vnt.",
            "price": "€6.19"
          },
          {
            "name": "Nr. 48 Koldūnai su jautiena",
            "desc": "Kepti japoniški koldūnai su jautiena, saldžiarūgščiu čili padažu. 12 vnt.",
            "price": "€6.19"
          },
          {
            "name": "Nr. 49 Japoniški koldūnai su vištiena, sūriu ir grybais",
            "desc": "Kepti japoniški koldūnai su vištiena, sūriu, grybais ir saldžiarūgščiu čili padažu, 6 vnt.",
            "price": "€6.19"
          },
          {
            "name": "46. Tigrinės krevetės Yaki Ebi",
            "desc": "Traškios tigrinės krevetės su saldžiarūgščiu čili padažu. 5 vnt.",
            "price": "€8.39"
          }
        ]
      },
      {
        "category": "Desertai",
        "items": [
          {
            "name": "D1 Sweet Gyoza",
            "desc": "Traškūs koldūnai su obuoliais, karamelė, sezamo sėklos. 12 vnt.",
            "price": "€4.69"
          }
        ]
      },
      {
        "category": "Papildomi priedai",
        "items": [
          {
            "name": "Imbieras",
            "desc": "",
            "price": "€0.49"
          },
          {
            "name": "Kremas",
            "desc": "",
            "price": "€0.49\n(20 g, €24.50/kg)"
          },
          {
            "name": "Wasabi",
            "desc": "",
            "price": "€0.49"
          },
          {
            "name": "Karai majo padažas 50 g",
            "desc": "",
            "price": "€0.59"
          },
          {
            "name": "Saldžiarūgštis čili padažas 50 g",
            "desc": "",
            "price": "€0.59"
          },
          {
            "name": "Shiraracha aštrus padažas 50g",
            "desc": "",
            "price": "€0.69"
          },
          {
            "name": "Teriyaki padažas 50g",
            "desc": "",
            "price": "€0.59"
          },
          {
            "name": "Sojos buteliukas 250 ml",
            "desc": "",
            "price": "€1.99"
          },
          {
            "name": "Soja indelyje 50 ml",
            "desc": "",
            "price": "€0.49\n(50 ml, €9.80/l)"
          }
        ]
      },
      {
        "category": "Gėrimai",
        "items": [
          {
            "name": "Coca-Cola 0,33 l",
            "desc": "",
            "price": "€1.90\nExcl. €0.10 deposit"
          },
          {
            "name": "Fanta 0,33 l",
            "desc": "",
            "price": "€1.90\nExcl. €0.10 deposit"
          },
          {
            "name": "Sprite 0,33 l",
            "desc": "",
            "price": "€1.90\nExcl. €0.10 deposit"
          },
          {
            "name": "Yerba Mate limonadas",
            "desc": "",
            "price": "€2.50\nExcl. €0.10 deposit"
          },
          {
            "name": "Skrudintų miežių kola",
            "desc": "",
            "price": "€2.50\nExcl. €0.10 deposit"
          },
          {
            "name": "Šaltoji juodoji arbata su citrinžole Fuzetea 0,5 l",
            "desc": "",
            "price": "€1.90\nExcl. €0.10 deposit"
          },
          {
            "name": "Šaltoji juodoji arbata su persikais Fuzetea 0,5 l",
            "desc": "",
            "price": "€1.90\nExcl. €0.10 deposit"
          },
          {
            "name": "Šaltoji žalioji citrusinė arbata Fuzetea 0,5 l",
            "desc": "",
            "price": "€1.90\nExcl. €0.10 deposit"
          },
          {
            "name": "Negazuotas mineralinis vanduo Neptūnas",
            "desc": "",
            "price": "€1.80\nExcl. €0.10 deposit"
          },
          {
            "name": "Gazuotas mineralinis vanduo Neptūnas",
            "desc": "",
            "price": "€1.80\nExcl. €0.10 deposit"
          },
          {
            "name": "Seicha Matcha Yuzu Ginger Mint 0,33 l",
            "desc": "Tonizuojanti kvapiojo mandarino, imbiero ir mėtos skonio šalto virimo japoniška matcha arbata.",
            "price": "€3.40\nExcl. €0.10 deposit"
          },
          {
            "name": "Sun 365 Kombucha Traditional 0,5 l",
            "desc": "Natūraliai gazuotas gaivusis arbatos gėrimas",
            "price": "€3.30\nExcl. €0.10 deposit"
          },
          {
            "name": "Sun 365 Melissa Herb 0,5 l",
            "desc": "Natūraliai gazuotas gaivusis arbatos gėrimas",
            "price": "€3.30\nExcl. €0.10 deposit"
          }
        ]
      }
    ]
  },
  {
    "address": "Trakų g. 2",
    "location": [
      25.278149033729363,
      54.68001025768854
    ],
    "name": "Plus Plus Plus (Trakų g.)",
    "rating": {
      "rating": 4,
      "score": 9
    },
    "short_description": "+++ draugiški Jūsų piniginei || Šis restoranas priklauso ir jį valdo UAB Pliusai, kuris yra atsakinga už parduodamas prekes. Visą informaciją apie parduodamus produktus pateikia pardavėjas",
    "id": "plus-plus-plus-traku-g",
    "tags": [
      "beer",
      "europietiška"
    ],
    "distance": "0.2 km",
    "duration": 3,
    "menu": [
      {
        "category": "Wolt Specials",
        "items": [
          {
            "name": "🌶️ Krosnyje keptos ispaniškos chorizo dešrelės",
            "desc": "Aštrios ispaniškos chorizo dešrelės keptos krosnyje, patiekiamos su skrudintomis bulvytėmis, šviežiomis salotomis ir saldžiarūgščiu padažu",
            "price": "€4.71\n5.89"
          }
        ]
      },
      {
        "category": "Populiariausieji 🏆",
        "items": [
          {
            "name": "Kijevo kotletas",
            "desc": "Traškus ir sultingas kijevo kotletas, patiekiamas su skrudintomis bulvytėmis, šviežiomis salotomis ir salsa brava padažu",
            "price": "€6.19"
          },
          {
            "name": "4. Montadita su vištiena ir tepamu sūriu (1 vnt.)",
            "desc": "Traški vištiena, marinuotas agurkėlis, tepamas varškės sūris, šviežios salotos, aioli padažas. Viskas mūsų ką tik iškeptoje sviestinėje Brioche bandelėje",
            "price": "€1.79"
          },
          {
            "name": "14. Montadita su lašiša ir gvakamole (1 vnt.)",
            "desc": "Sultinga sūdyta lašiša, gvakamolės pagardas, pomidorai, tepamas varškės sūris. Viskas mūsų ką tik iškeptoje sviestinėje Brioche bandelėje",
            "price": "€1.99"
          },
          {
            "name": "NAUJIENA!🌶️ Vištienos sparneliai BBQ ir chipotle padaže",
            "desc": "Burnoje tirpstantys vištienos sparneliai BBQ ir chipotle padaže, šiek tiek aštriau! Norisi daugiau, o gal reikės dalintis su kitais? - pasirink didesnę porciją ir, jei norisi, papildomą padažą!",
            "price": "€4.99"
          },
          {
            "name": "Traškūs vištienos kepsneliai",
            "desc": "Itin traškūs išorėje ir itin sultingi iš vidaus vištienos kepsneliai su BBQ padažu. Norisi daugiau, o gal reikės dalintis su kitais? - pasirink didesnę porciją ir papildomą padažą!",
            "price": "€3.59"
          },
          {
            "name": "Bulvytės fri su šonine",
            "desc": "Bulvytės fri su tobulai apskrudusia šonine, patiekiama su aioli bei čederio padažais",
            "price": "€3.59"
          },
          {
            "name": "🌱 Spring rolls su daržovėmis",
            "desc": "Traškūs ir švelnūs spring rolls su daržovėmis, patiekiami su saldžiarūgščiu padažu. Puikus pasirinkimas vegetarams ir ne tik!",
            "price": "€4.59"
          }
        ]
      },
      {
        "category": "Karštieji patiekalai",
        "items": [
          {
            "name": "Skrudintas vištienos kepsnys, įdarytas kumpiu ir sūriu",
            "desc": "Skrudintas vištienos kepsnys, įdarytas kumpiu ir sūriu, patiekiamas su skrudintomis bulvytėmis, šviežiomis salotomis ir saldžiarūgščiu padažu",
            "price": "€5.89"
          },
          {
            "name": "🌶️ Krosnyje keptos ispaniškos chorizo dešrelės",
            "desc": "Aštrios ispaniškos chorizo dešrelės keptos krosnyje, patiekiamos su skrudintomis bulvytėmis, šviežiomis salotomis ir saldžiarūgščiu padažu",
            "price": "€5.89"
          },
          {
            "name": "Kijevo kotletas",
            "desc": "Traškus ir sultingas kijevo kotletas, patiekiamas su skrudintomis bulvytėmis, šviežiomis salotomis ir salsa brava padažu",
            "price": "€6.19"
          },
          {
            "name": "Žemaičių blynai",
            "desc": "Tobulai apskrudę tradiciniai žemaičių blynai su mėsa, patiekiami su grietine",
            "price": "€5.19"
          },
          {
            "name": "Vištienos burgeris",
            "desc": "Burnoje tirpstanti traški vištiena, lydima tobulų partnerių: šoninės juostelių, čederio sūrio, traškaus marinuoto agurkėlio ir šviežių daržovių - apgaubta sviestinės Brioche bandelės.",
            "price": "€7.99"
          },
          {
            "name": "Fish&Chips",
            "desc": "Traškus išorėje ir sultingas viduje menkės kepsnys su sūrio įdaru, patiekamas su skrudintomis bulvytėmis, šviežiomis salotomis ir aioli padažu",
            "price": "€5.89"
          },
          {
            "name": "Vištienos file juostelės",
            "desc": "Traškios vištienos file juostelės patiekiamos su gruzdintomis bulvytėmis, šviežiomis salotomis ir salsa brava padažu.",
            "price": "€5.89"
          }
        ]
      },
      {
        "category": "Užkandžiai",
        "items": [
          {
            "name": "🌱 Alyvuogių kokteilis",
            "desc": "Mūsų firminis ispaniškų alyvuogių kokteilis",
            "price": "€2.29"
          },
          {
            "name": "🌱 Riešutėliai",
            "desc": "Populiarieji +++ riešutai",
            "price": "€2.29"
          },
          {
            "name": "🌱 Natūralūs bulvių traškučiai",
            "desc": "Jau klasika tapę - sūdytų bulvių traškučiai",
            "price": "€2.29"
          },
          {
            "name": "🌱 Bulvytės fri",
            "desc": "Apskrudusios iki auksinės spalvos bulvytės, patiekiamos su natūraliu pomidorų padažu. Norisi daugiau, o gal reikės dalintis su kitais? - pasirink didesnę porciją ir papildomą padažą!",
            "price": "€2.29"
          },
          {
            "name": "🌱 Nachos traškučiai",
            "desc": "Idealaus traškumo nachos su čederio padažu",
            "price": "€3.59"
          },
          {
            "name": "🌱 Gardi kepta duona su grūdais",
            "desc": "Traški kepta duona su sūrio ir česnako padažu",
            "price": "€3.59"
          },
          {
            "name": "🌱 Skrudinti svogūnų žiedai 9 vnt.",
            "desc": "Puikūs, su ypač traškia plutele iš išorės svogūnų žiedai su aioli padažu 9 vnt.",
            "price": "€3.59"
          },
          {
            "name": "Traškūs vištienos kepsneliai",
            "desc": "Itin traškūs išorėje ir itin sultingi iš vidaus vištienos kepsneliai su BBQ padažu. Norisi daugiau, o gal reikės dalintis su kitais? - pasirink didesnę porciją ir papildomą padažą!",
            "price": "€3.59"
          },
          {
            "name": "Bulvytės fri su vištienos kepsneliais",
            "desc": "Bulvytės fri su vištienos kepsneliais, kepti traškūs svogūnai, bbq ir salsa brava padažas",
            "price": "€4.99"
          },
          {
            "name": "Bulvytės fri su šonine",
            "desc": "Bulvytės fri su tobulai apskrudusia šonine, patiekiama su aioli bei čederio padažais",
            "price": "€3.59"
          },
          {
            "name": "Mėsos rinkinys, alyvuogės",
            "desc": "Ispaniškas vytintas Serrano kumpis, tradicinė ispaniška chorizo dešra, mūsų firminis ispaniškų alyvuogių kokteilis",
            "price": "€4.99"
          },
          {
            "name": "Juodos čederio sūrio spurgytės 7 vnt.",
            "desc": "Burnoje tirpstančios, intensyvaus skonio čederio sūrio spurgytės, kai norisi šiek tiek aštriau! 7 vnt.",
            "price": "€4.99"
          },
          {
            "name": "Tempura su krevetėmis 5 vnt.",
            "desc": "Krevetės tempura tešloje, iškeptos iki tobulos aukso rudos spalvos, patiekiamos su saldžiarūgščiu padažu 5 vnt.",
            "price": "€4.99"
          },
          {
            "name": "Nachos su chorizo dešra",
            "desc": "Idealaus traškumo nachos su ispaniška chorizo dešra, šviežiais pomidoras, marinuota kepta paprika, čederio padažu, gvakamole, ir grietine",
            "price": "€4.99"
          },
          {
            "name": "🌱 Spring rolls su daržovėmis 10 vnt.",
            "desc": "Traškūs ir švelnūs spring rolls su daržovėmis, patiekiami su saldžiarūgščiu padažu. Puikus pasirinkimas vegetarams ir ne tik! 10 vnt.",
            "price": "€3.59"
          },
          {
            "name": "Vištienos sparneliai BBQ ir chipotle padaže 🌶️",
            "desc": "Burnoje tirpstantys vištienos sparneliai BBQ ir chipotle padaže, šiek tiek aštriau! Norisi daugiau, o gal reikės dalintis su kitais? - pasirink didesnę porciją ir, jei norisi, papildomą padažą!",
            "price": "€4.99"
          },
          {
            "name": "37. Užkandžių rinkinys",
            "desc": "Svogūnų žiedai, gardi kepta duona su grūdais, skrudintos bulvytės fri, traškūs vištienos kepsneliai, alioli, salsa brava, sūrio ir česnakų padažai",
            "price": "€15.89"
          },
          {
            "name": "38. Užkandžių rinkinys",
            "desc": "Vištienos sparneliai BBQ ir chipotle padaže, gardi kepta duona, bulvytės fri, spring rolls su daržovėmis, pomidorų, saldžiarūgštis, sūrio ir česnakų padažai",
            "price": "€15.89"
          }
        ]
      },
      {
        "category": "Kompanijoms",
        "items": [
          {
            "name": "Vegetariškas (8 vnt.)",
            "desc": "Mozzarella sūris, pesto, saulėje džiovinti pomidorai, gražgarstės (4 vnt.), Minkštas ožkos sūris, figų džemas, kepti traškūs svogūnai, gražgarstės (2 vnt.), Mozzarella sūris, gvakamolė, pomidorai, gražgarstės (2 vnt.)",
            "price": "€14.32"
          },
          {
            "name": "Su vištiena (8 vnt.)",
            "desc": "Traški vištiena, marinuotas agurkėlis, tepamas sūris, aioli, salotos (2 vnt.), Traški vištiena, marinuota kepta paprika, jalapeno pipirai, aioli, salotos (2 vnt.), Traški vištiena, kietas avies sūris, rūkyta šoninė, BBQ, salotos (2 vnt.), Traški vištiena, marinuota kepta paprika, rūkyta šoninė, čederio padažas, salotos (2 vnt.)",
            "price": "€14.32"
          },
          {
            "name": "Su mėsa (10 vnt.)",
            "desc": "Ispaniškas vytintas Serrano kumpis, pomidorai, gražgarstės, alyvuogių aliejus (2 vnt.), Tradicinė ispaniška chorizo dešra, kepti traškūs svogūnai, marinuotas agurkėlis, čederio padažas, salotos (2 vnt.), Ispaniškas vytintas Serrano kumpis, figų džemas, tepamas sūris, gražgarstės (2 vnt.), Tradicinė ispaniška chorizo dešra, rūkyta šoninė, BBQ, jalapeno pipirai, salotos (2 vnt.), Ispaniškas vytintas Serrano kumpis, jalapeno pipirai, tepamas sūris, marinuotas agurkėlis, salotos (2 vnt.)",
            "price": "€17.90"
          },
          {
            "name": "Su žuvimi, krevetėmis (8 vnt.)",
            "desc": "Tempura su krevetėmis, pomidorai, salsa brava padažas, alyvuogių aliejus (2 vnt.), Sūdyta lašiša, gvakamolė, pomidorai, tepamas sūris (4 vnt.), Tempura su krevetėmis, marinuota kepta paprika, aioli, salotos (2 vnt.)",
            "price": "€14.32"
          },
          {
            "name": "Aštrusis (8 vnt.) 🌶",
            "desc": "Traški vištiena, marinuota kepta paprika, jalapeno pipirai, aioli, salotos (2 vnt.), Tradicinė ispaniška chorizo dešra, rūkyta šoninė, BBQ, jalapeno pipirai, salotos (2 vnt.), Ispaniškas vytintas Serrano kumpis, jalapeno pipirai, tepamas sūris, marinuotas agurkėlis, salotos (2 vnt.), Tempura su krevetėmis, pomidorai, salsa brava padažas, alyvuogių aliejus (2 vnt.)",
            "price": "€14.32"
          },
          {
            "name": "TOP (10 vnt.)",
            "desc": "Mozzarella sūris, gvakamolė, pomidorai, gražgarstės (2 vnt.), Traški vištiena, kietas avies sūris, rūkyta šoninė, BBQ, salotos (2 vnt.), Ispaniškas vytintas Serrano kumpis, pomidorai, gražgarstės, alyvuogių aliejus (2 vnt.), Ispaniškas vytintas Serrano kumpis, jalapeno pipirai, tepamas sūris, marinuotas agurkėlis, salotos (2 vnt.), Sūdyta lašiša, gvakamolė, pomidorai, tepamas sūris (2 vnt.)",
            "price": "€17.90"
          }
        ]
      },
      {
        "category": "Gardžiosios montaditos",
        "items": [
          {
            "name": "🌱 1. Su mozzarella sūriu ir saulėje džiovintais pomidorais (1 vnt.)",
            "desc": "Mozzarella sūris, šviežio baziliko pesto padažas, saulėje džiovinti pomidorai, gražgarstės. Viskas mūsų ką tik iškeptoje sviestinėje Brioche bandelėje",
            "price": "€1.79"
          },
          {
            "name": "🌱 2. Su ožkos sūriu ir figų džemu (1 vnt.)",
            "desc": "Minkštas ožkos sūris, pagardintas figų džemu, kepti traškūs svogūnai, gražgarstės. Viskas mūsų ką tik iškeptoje sviestinėje Brioche bandelėje",
            "price": "€1.79"
          },
          {
            "name": "🌱 3. Su mozzarella sūriu ir gvakamole (1 vnt.)",
            "desc": "Mozzarella sūris, gvakamolės pagardas, pomidorai, gražgarstės. Viskas mūsų ką tik iškeptoje sviestinėje Brioche bandelėje",
            "price": "€1.99"
          },
          {
            "name": "4. Su vištiena ir tepamu sūriu (1 vnt.)",
            "desc": "Traški vištiena, marinuotas agurkėlis, tepamas varškės sūris, šviežios salotos, aioli padažas. Viskas mūsų ką tik iškeptoje sviestinėje Brioche bandelėje",
            "price": "€1.79"
          },
          {
            "name": "🌶️ 5. Su vištiena ir jalapeno pipirais (1 vnt.)",
            "desc": "Traški vištiena, marinuota kepta paprika, žalio jalapeno pipirai, šviežios salotos, aioli padažas. Viskas mūsų ką tik iškeptoje sviestinėje Brioche bandelėje",
            "price": "€1.79"
          },
          {
            "name": "6. Su vištiena ir avies sūriu (1 vnt.)",
            "desc": "Traški vištiena, brandintas avies sūris, aukščiausios kokybės rūkyta šoninė, šviežios salotos, BBQ padažas. Viskas mūsų ką tik iškeptoje sviestinėje Brioche bandelėje",
            "price": "€1.99"
          },
          {
            "name": "7. Su vištiena ir šonine (1 vnt.)",
            "desc": "Traški vištiena, aukščiausios kokybės rūkyta šoninė, marinuota kepta paprika, šviežios salotos, čederio padažas. Viskas mūsų ką tik iškeptoje sviestinėje Brioche bandelėje",
            "price": "€1.99"
          },
          {
            "name": "8. Su Serrano kumpiu (1 vnt.)",
            "desc": "Ispaniškas vytintas Serrano kumpis, pomidorai, gražgarstės, ypač tyras alyvuogių aliejus. Viskas mūsų ką tik iškeptoje sviestinėje Brioche bandelėje",
            "price": "€1.59"
          },
          {
            "name": "9. Su chorizo dešra ir marinuotu agurkėliu (1 vnt.)",
            "desc": "Tradicinė ispaniška chorizo dešra su aštriais prieskoniais, kepti traškūs svogūnai, marinuotas agurkėlis, šviežios salotos, čederio padažas. Viskas mūsų ką tik iškeptoje sviestinėje Brioche bandelėje",
            "price": "€1.79"
          },
          {
            "name": "10. Su Serrano kumpiu ir tepamu varškės sūriu (1 vnt.)",
            "desc": "Ispaniškas vytintas Serrano kumpis, figų džemas, tepamas varškės sūris, gražgarstės. Viskas mūsų ką tik iškeptoje sviestinėje Brioche bandelėje",
            "price": "€1.79"
          },
          {
            "name": "🌶️ 11. Su chorizo dešra ir šonine (1 vnt.)",
            "desc": "Tradicinė ispaniška chorizo dešra, aukščiausios kokybės rūkyta šoninė, žalio jalapeno pipirai, šviežios salotos, BBQ padažas. Viskas mūsų ką tik iškeptoje sviestinėje Brioche bandelėje",
            "price": "€1.99"
          },
          {
            "name": "🌶️ 12. Su Serrano kumpiu ir jalapeno pipirais (1 vnt.)",
            "desc": "Ispaniškas vytintas Serrano kumpis, žalio jalapeno pipirai, tepamas varškės sūris, marinuotas agurkėlis, šviežios salotos. Viskas mūsų ką tik iškeptoje sviestinėje Brioche bandelėje",
            "price": "€1.99"
          },
          {
            "name": "🌶️ 13. Su krevetėmis ir salsa brava padažas (1 vnt.)",
            "desc": "Krevetės tempura tešloje, iškeptos iki tobulos aukso rudos spalvos, salsa brava padažas, šviežias pomidoras, ypač tyras alyvuogių aliejus. Viskas mūsų ką tik iškeptoje sviestinėje Brioche bandelėje",
            "price": "€1.79"
          },
          {
            "name": "14. Su lašiša ir gvakamole (1 vnt.)",
            "desc": "Sultinga sūdyta lašiša, gvakamolės pagardas, pomidorai, tepamas varškės sūris. Viskas mūsų ką tik iškeptoje sviestinėje Brioche bandelėje",
            "price": "€1.99"
          },
          {
            "name": "15.Su krevetėmis ir paprika (1 vnt.)",
            "desc": "Krevetės tempura tešloje, iškeptos iki tobulos aukso rudos spalvos, marinuota kepta paprika, salotos, aioli padažas. Viskas mūsų ką tik iškeptoje sviestinėje Brioche bandelėje",
            "price": "€1.99"
          }
        ]
      },
      {
        "category": "Salotos",
        "items": [
          {
            "name": "🌱 Salotos su mozzarella sūriu",
            "desc": "Šviežios salotos su mozzarella sūriu, šviežio baziliko pesto padažu, saulėje džiovintais pomidorais",
            "price": "€5.19"
          },
          {
            "name": "Salotos su lašiša",
            "desc": "Šviežios salotos su sultinga sūdyta lašiša, marinuotomis keptomis paprikomis bei gvakamolės pagardu",
            "price": "€5.39"
          },
          {
            "name": "Salotos su ožkos sūriu",
            "desc": "Šviežios salotos su minkštu ožkos sūriu, traškia rūkyta šonine, figų džemu bei keptais traškiais svogūnais",
            "price": "€5.19"
          },
          {
            "name": "Salotos su traškia vištiena",
            "desc": "Šviežios salotos su traškia kepta vištiena ir rūkyta šonine, saulėje džiovintais pomidorais, minkštu avies sūriu bei keptais traškiais svogūnais",
            "price": "€5.19"
          }
        ]
      },
      {
        "category": "Desertai",
        "items": [
          {
            "name": "Tinginys (2 vnt.)",
            "desc": "Šokoladinis kaimiškų sausainių tinginys",
            "price": "€1.99"
          },
          {
            "name": "Ispaniškos čiūros su karamelės padažu",
            "desc": "Tradicinis ispaniškas gruzdintos plikytos tešlos užkandis, pagardintas karamelės padažu",
            "price": "€1.99"
          },
          {
            "name": "Kanelė (1 vnt.)",
            "desc": "Traškaus karamelinio paviršiaus ir minkštutėlio, burnoje tirpstančio, vidaus kanelė",
            "price": "€0.99"
          }
        ]
      },
      {
        "category": "Ledai",
        "items": [
          {
            "name": "Ben&Jerry's ledai su karamele ,,Chew Chew'', 100 ml",
            "desc": "Karameliniai ledai su karamelės įdaru ir karamelės gabalėliais, aplietais šokoladu",
            "price": "€2.99"
          },
          {
            "name": "Ben&Jerry's ledai šokoladinio braunio skonio, 100 ml",
            "desc": "Šokoladiniai ledai su šokoladinio pyrago gabalėliais",
            "price": "€2.99"
          },
          {
            "name": "Ben&Jerrys's ledai sausainių tešlos skonio, 100 ml",
            "desc": "Vaniliniai ledai su šokoladinių sausainių gabalėliais",
            "price": "€2.99"
          }
        ]
      },
      {
        "category": "Gėrimai",
        "items": [
          {
            "name": "Pepsi 0,2 l",
            "desc": "",
            "price": "€1.79"
          },
          {
            "name": "7up 0,2 l",
            "desc": "",
            "price": "€1.79"
          },
          {
            "name": "Mirinda 0,2 l",
            "desc": "",
            "price": "€1.79"
          },
          {
            "name": "Nealkoholinis ispaniškas alus 0,25 l",
            "desc": "",
            "price": "€2.30"
          },
          {
            "name": "Nealkoholinis alus Heineken 0,33 l",
            "desc": "",
            "price": "€2.20"
          },
          {
            "name": "Nealkoholinis KALNAPILIO alaus kokteilis LITE GRAPEFRUlT 0,5 l",
            "desc": "",
            "price": "€2.10"
          },
          {
            "name": "Nealkoholinis KALNAPILIO ORIGINAL alus 0,5 l",
            "desc": "",
            "price": "€2.20"
          },
          {
            "name": "Pomidorų sultys 0,2 l",
            "desc": "",
            "price": "€1.49"
          },
          {
            "name": "Persikų nektaras 0,2 l",
            "desc": "",
            "price": "€1.49"
          },
          {
            "name": "Ananasų nektaras 0,2 l",
            "desc": "",
            "price": "€1.49"
          },
          {
            "name": "Apelsinų nektaras 0,2 l",
            "desc": "",
            "price": "€1.49"
          },
          {
            "name": "Mineralinis vanduo Norte 0,33 l",
            "desc": "",
            "price": "€1.39"
          },
          {
            "name": "Gazuotas mineralinis vanduo Norte 0,33 l",
            "desc": "",
            "price": "€1.39"
          },
          {
            "name": "VILKMERGĖS gira 0,4 l",
            "desc": "",
            "price": "€2.40"
          }
        ]
      },
      {
        "category": "Alkoholiniai gėrimai",
        "items": [
          {
            "name": "SOL 0,33 l",
            "desc": "Vartodami alkoholį, rizikuojate savo sveikata, šeimos ir visuomenės gerove. Šviesus alus/lageris",
            "price": "€2.79\n(4.5% vol)"
          },
          {
            "name": "Vilkmergės Tamsusis 0,41 l",
            "desc": "Vartodami alkoholį, rizikuojate savo sveikata, šeimos ir visuomenės gerove. Tamsus alus",
            "price": "€2.89\n(5.8% vol)"
          },
          {
            "name": "San Miguel 0,25 l",
            "desc": "Vartodami alkoholį, rizikuojate savo sveikata, šeimos ir visuomenės gerove. Šviesus alus/lageris",
            "price": "€2.29\n(5.4% vol)"
          },
          {
            "name": "Mahou 0,25 l",
            "desc": "Vartodami alkoholį, rizikuojate savo sveikata, šeimos ir visuomenės gerove. Šviesus alus/lageris",
            "price": "€2.29\n(5.5% vol)"
          },
          {
            "name": "Cruzcampo 0,25 l",
            "desc": "Vartodami alkoholį, rizikuojate savo sveikata, šeimos ir visuomenės gerove. Šviesus alus/lageris",
            "price": "€2.29\n(4.8% vol)"
          },
          {
            "name": "Senorio de Melvin raudonas vynas 0,75 l",
            "desc": "Vartodami alkoholį, rizikuojate savo sveikata, šeimos ir visuomenės gerove. Raudonas vynas",
            "price": "€11.89\n(11% vol)"
          },
          {
            "name": "Senorio de Melvin baltas vynas 0,75 l",
            "desc": "Vartodami alkoholį, rizikuojate savo sveikata, šeimos ir visuomenės gerove. Baltas vynas",
            "price": "€11.89\n(11% vol)"
          },
          {
            "name": "Tonon Pinot Grigio Venezia baltas vynas 0,75 l",
            "desc": "Vartodami alkoholį, rizikuojate savo sveikata, šeimos ir visuomenės gerove. Baltas vynas",
            "price": "€14.89\n(12% vol)"
          },
          {
            "name": "Nobiles Primitivo raudonas vynas 0,75 l",
            "desc": "Vartodami alkoholį, rizikuojate savo sveikata, šeimos ir visuomenės gerove. Raudonas vynas",
            "price": "€14.29\n(14% vol)"
          },
          {
            "name": "Vino Campo Cortijano Crianza raudonas vynas 0,75 l",
            "desc": "Vartodami alkoholį, rizikuojate savo sveikata, šeimos ir visuomenės gerove. Raudonas vynas",
            "price": "€16.69\n(14.5% vol)"
          },
          {
            "name": "Cava Juve Masana Brut Reserva putojanatis vynas 0,75 l",
            "desc": "Vartodami alkoholį, rizikuojate savo sveikata, šeimos ir visuomenės gerove. Putojantis sausas vynas",
            "price": "€14.89\n(11.5% vol)"
          },
          {
            "name": "Cava Juve Masana Semiseco putojanatis vynas 0,75 l",
            "desc": "Vartodami alkoholį, rizikuojate savo sveikata, šeimos ir visuomenės gerove. Putojantis pusiau sausas vynas",
            "price": "€14.89\n(11% vol)"
          },
          {
            "name": "Cava Juve Masana Rose putojanatis vynas 0,75 l",
            "desc": "Vartodami alkoholį, rizikuojate savo sveikata, šeimos ir visuomenės gerove. Putojantis rausvas vynas",
            "price": "€17.89\n(11.5% vol)"
          },
          {
            "name": "Vecja Vigna Extra dry putojanatis vynas 0,75 l",
            "desc": "Vartodami alkoholį, rizikuojate savo sveikata, šeimos ir visuomenės gerove. Putojantis sausas vynas",
            "price": "€16.69\n(11% vol)"
          }
        ]
      },
      {
        "category": "Padažai",
        "items": [
          {
            "name": "Aioli padažas",
            "desc": "",
            "price": "€0.50"
          },
          {
            "name": "BBQ padažas",
            "desc": "",
            "price": "€0.50"
          },
          {
            "name": "Čederio padažas",
            "desc": "",
            "price": "€0.50"
          },
          {
            "name": "Salsa Brava padažas",
            "desc": "",
            "price": "€0.50"
          },
          {
            "name": "Saldžiarūgštis padažas",
            "desc": "",
            "price": "€0.50"
          },
          {
            "name": "Sūrio ir česnakų padažas",
            "desc": "",
            "price": "€0.50"
          },
          {
            "name": "Pomidorų padažas",
            "desc": "",
            "price": "€0.50"
          }
        ]
      },
      {
        "category": "Įrankiai🍴",
        "items": [
          {
            "name": "Vienkartiniai įrankiai",
            "desc": "",
            "price": "€0.40"
          }
        ]
      }
    ]
  },
  {
    "address": "Vilniaus g. 39",
    "location": [
      25.27987300108748,
      54.68215238484342
    ],
    "name": "Plus Plus Plus (Vilniaus g.)",
    "rating": {
      "rating": 4,
      "score": 9.4
    },
    "short_description": "+++ draugiški Jūsų piniginei || Šis restoranas priklauso ir jį valdo UAB Makarena, kuris yra atsakinga už parduodamas prekes. Visą informaciją apie parduodamus produktus pateikia pardavėjas",
    "id": "plus-plus-plus-vilniaus-g",
    "tags": [
      "beer",
      "europietiška"
    ],
    "distance": "0.6 km",
    "duration": 8,
    "menu": [
      {
        "category": "Wolt Specials",
        "items": [
          {
            "name": "🌶️ Krosnyje keptos ispaniškos chorizo dešrelės",
            "desc": "Aštrios ispaniškos chorizo dešrelės keptos krosnyje, patiekiamos su skrudintomis bulvytėmis, šviežiomis salotomis ir saldžiarūgščiu padažu",
            "price": "€4.71\n5.89"
          }
        ]
      },
      {
        "category": "Populiariausieji 🏆",
        "items": [
          {
            "name": "Kijevo kotletas",
            "desc": "Traškus ir sultingas kijevo kotletas, patiekiamas su skrudintomis bulvytėmis, šviežiomis salotomis ir salsa brava padažu",
            "price": "€6.19"
          },
          {
            "name": "4. Montadita su vištiena ir tepamu sūriu (1 vnt.)",
            "desc": "Traški vištiena, marinuotas agurkėlis, tepamas varškės sūris, šviežios salotos, aioli padažas. Viskas mūsų ką tik iškeptoje sviestinėje Brioche bandelėje",
            "price": "€1.79"
          },
          {
            "name": "14. Montadita su lašiša ir gvakamole (1 vnt.)",
            "desc": "Sultinga sūdyta lašiša, gvakamolės pagardas, pomidorai, tepamas varškės sūris. Viskas mūsų ką tik iškeptoje sviestinėje Brioche bandelėje",
            "price": "€1.99"
          },
          {
            "name": "NAUJIENA!🌶️ Vištienos sparneliai BBQ ir chipotle padaže",
            "desc": "Burnoje tirpstantys vištienos sparneliai BBQ ir chipotle padaže, šiek tiek aštriau! Norisi daugiau, o gal reikės dalintis su kitais? - pasirink didesnę porciją ir, jei norisi, papildomą padažą!",
            "price": "€4.99"
          },
          {
            "name": "Traškūs vištienos kepsneliai",
            "desc": "Itin traškūs išorėje ir itin sultingi iš vidaus vištienos kepsneliai su BBQ padažu. Norisi daugiau, o gal reikės dalintis su kitais? - pasirink didesnę porciją ir papildomą padažą!",
            "price": "€3.59"
          },
          {
            "name": "Bulvytės fri su šonine",
            "desc": "Bulvytės fri su tobulai apskrudusia šonine, patiekiama su aioli bei čederio padažais",
            "price": "€3.59"
          },
          {
            "name": "🌱 Spring rolls su daržovėmis",
            "desc": "Traškūs ir švelnūs spring rolls su daržovėmis, patiekiami su saldžiarūgščiu padažu. Puikus pasirinkimas vegetarams ir ne tik!",
            "price": "€4.59"
          }
        ]
      },
      {
        "category": "Užkandžiai",
        "items": [
          {
            "name": "🌱 Alyvuogių kokteilis",
            "desc": "Mūsų firminis ispaniškų alyvuogių kokteilis",
            "price": "€2.29"
          },
          {
            "name": "🌱 Riešutėliai",
            "desc": "Populiarieji +++ riešutai",
            "price": "€2.29"
          },
          {
            "name": "🌱 Natūralūs bulvių traškučiai",
            "desc": "Jau klasika tapę - sūdytų bulvių traškučiai",
            "price": "€2.29"
          },
          {
            "name": "🌱 Bulvytės fri",
            "desc": "Apskrudusios iki auksinės spalvos bulvytės, patiekiamos su natūraliu pomidorų padažu. Norisi daugiau, o gal reikės dalintis su kitais? - pasirink didesnę porciją ir papildomą padažą!",
            "price": "€2.29"
          },
          {
            "name": "🌱 Nachos traškučiai",
            "desc": "Idealaus traškumo nachos su čederio padažu",
            "price": "€3.59"
          },
          {
            "name": "🌱 Gardi kepta duona su grūdais",
            "desc": "Traški kepta duona su sūrio ir česnako padažu",
            "price": "€3.59"
          },
          {
            "name": "🌱 Skrudinti svogūnų žiedai 9 vnt.",
            "desc": "Puikūs, su ypač traškia plutele iš išorės svogūnų žiedai su aioli padažu 9 vnt.",
            "price": "€3.59"
          },
          {
            "name": "Traškūs vištienos kepsneliai",
            "desc": "Itin traškūs išorėje ir itin sultingi iš vidaus vištienos kepsneliai su BBQ padažu. Norisi daugiau, o gal reikės dalintis su kitais? - pasirink didesnę porciją ir papildomą padažą!",
            "price": "€3.59"
          },
          {
            "name": "Bulvytės fri su vištienos kepsneliais",
            "desc": "Bulvytės fri su vištienos kepsneliais, kepti traškūs svogūnai, bbq ir salsa brava padažas",
            "price": "€4.99"
          },
          {
            "name": "Bulvytės fri su šonine",
            "desc": "Bulvytės fri su tobulai apskrudusia šonine, patiekiama su aioli bei čederio padažais",
            "price": "€3.59"
          },
          {
            "name": "Mėsos rinkinys, alyvuogės",
            "desc": "Ispaniškas vytintas Serrano kumpis, tradicinė ispaniška chorizo dešra, mūsų firminis ispaniškų alyvuogių kokteilis",
            "price": "€4.99"
          },
          {
            "name": "Juodos čederio sūrio spurgytės 7 vnt.",
            "desc": "Burnoje tirpstančios, intensyvaus skonio čederio sūrio spurgytės, kai norisi šiek tiek aštriau! 7 vnt.",
            "price": "€4.99"
          },
          {
            "name": "Tempura su krevetėmis 5 vnt.",
            "desc": "Krevetės tempura tešloje, iškeptos iki tobulos aukso rudos spalvos, patiekiamos su saldžiarūgščiu padažu 5 vnt.",
            "price": "€4.99"
          },
          {
            "name": "Nachos su chorizo dešra",
            "desc": "Idealaus traškumo nachos su ispaniška chorizo dešra, šviežiais pomidoras, marinuota kepta paprika, čederio padažu, gvakamole, ir grietine",
            "price": "€4.99"
          },
          {
            "name": "🌱 Spring rolls su daržovėmis 10 vnt.",
            "desc": "Traškūs ir švelnūs spring rolls su daržovėmis, patiekiami su saldžiarūgščiu padažu. Puikus pasirinkimas vegetarams ir ne tik! 10 vnt.",
            "price": "€3.59"
          },
          {
            "name": "Vištienos sparneliai BBQ ir chipotle padaže 🌶️",
            "desc": "Burnoje tirpstantys vištienos sparneliai BBQ ir chipotle padaže, šiek tiek aštriau! Norisi daugiau, o gal reikės dalintis su kitais? - pasirink didesnę porciją ir, jei norisi, papildomą padažą!",
            "price": "€4.99"
          },
          {
            "name": "37. Užkandžių rinkinys",
            "desc": "Svogūnų žiedai, gardi kepta duona su grūdais, skrudintos bulvytės fri, traškūs vištienos kepsneliai, alioli, salsa brava, sūrio ir česnakų padažai",
            "price": "€15.89"
          },
          {
            "name": "38. Užkandžių rinkinys",
            "desc": "Vištienos sparneliai BBQ ir chipotle padaže, gardi kepta duona, bulvytės fri, spring rolls su daržovėmis, pomidorų, saldžiarūgštis, sūrio ir česnakų padažai",
            "price": "€15.89"
          }
        ]
      },
      {
        "category": "Kompanijoms",
        "items": [
          {
            "name": "Vegetariškas (8 vnt.)",
            "desc": "Mozzarella sūris, pesto, saulėje džiovinti pomidorai, gražgarstės (4 vnt.), Minkštas ožkos sūris, figų džemas, kepti traškūs svogūnai, gražgarstės (2 vnt.), Mozzarella sūris, gvakamolė, pomidorai, gražgarstės (2 vnt.)",
            "price": "€14.32"
          },
          {
            "name": "Su vištiena (8 vnt.)",
            "desc": "Traški vištiena, marinuotas agurkėlis, tepamas sūris, aioli, salotos (2 vnt.), Traški vištiena, marinuota kepta paprika, jalapeno pipirai, aioli, salotos (2 vnt.), Traški vištiena, kietas avies sūris, rūkyta šoninė, BBQ, salotos (2 vnt.), Traški vištiena, marinuota kepta paprika, rūkyta šoninė, čederio padažas, salotos (2 vnt.)",
            "price": "€14.32"
          },
          {
            "name": "Su mėsa (10 vnt.)",
            "desc": "Ispaniškas vytintas Serrano kumpis, pomidorai, gražgarstės, alyvuogių aliejus (2 vnt.), Tradicinė ispaniška chorizo dešra, kepti traškūs svogūnai, marinuotas agurkėlis, čederio padažas, salotos (2 vnt.), Ispaniškas vytintas Serrano kumpis, figų džemas, tepamas sūris, gražgarstės (2 vnt.), Tradicinė ispaniška chorizo dešra, rūkyta šoninė, BBQ, jalapeno pipirai, salotos (2 vnt.), Ispaniškas vytintas Serrano kumpis, jalapeno pipirai, tepamas sūris, marinuotas agurkėlis, salotos (2 vnt.)",
            "price": "€17.90"
          },
          {
            "name": "Su žuvimi, krevetėmis (8 vnt.)",
            "desc": "Tempura su krevetėmis, pomidorai, salsa brava padažas, alyvuogių aliejus (2 vnt.), Sūdyta lašiša, gvakamolė, pomidorai, tepamas sūris (4 vnt.), Tempura su krevetėmis, marinuota kepta paprika, aioli, salotos (2 vnt.)",
            "price": "€14.32"
          },
          {
            "name": "Aštrusis (8 vnt.) 🌶",
            "desc": "Traški vištiena, marinuota kepta paprika, jalapeno pipirai, aioli, salotos (2 vnt.), Tradicinė ispaniška chorizo dešra, rūkyta šoninė, BBQ, jalapeno pipirai, salotos (2 vnt.), Ispaniškas vytintas Serrano kumpis, jalapeno pipirai, tepamas sūris, marinuotas agurkėlis, salotos (2 vnt.), Tempura su krevetėmis, pomidorai, salsa brava padažas, alyvuogių aliejus (2 vnt.)",
            "price": "€14.32"
          },
          {
            "name": "TOP (10 vnt.)",
            "desc": "Mozzarella sūris, gvakamolė, pomidorai, gražgarstės (2 vnt.), Traški vištiena, kietas avies sūris, rūkyta šoninė, BBQ, salotos (2 vnt.), Ispaniškas vytintas Serrano kumpis, pomidorai, gražgarstės, alyvuogių aliejus (2 vnt.), Ispaniškas vytintas Serrano kumpis, jalapeno pipirai, tepamas sūris, marinuotas agurkėlis, salotos (2 vnt.), Sūdyta lašiša, gvakamolė, pomidorai, tepamas sūris (2 vnt.)",
            "price": "€17.90"
          }
        ]
      },
      {
        "category": "Gardžiosios montaditos",
        "items": [
          {
            "name": "🌱 1. Su mozzarella sūriu ir saulėje džiovintais pomidorais (1 vnt.)",
            "desc": "Mozzarella sūris, šviežio baziliko pesto padažas, saulėje džiovinti pomidorai, gražgarstės. Viskas mūsų ką tik iškeptoje sviestinėje Brioche bandelėje",
            "price": "€1.79"
          },
          {
            "name": "🌱 2. Su ožkos sūriu ir figų džemu (1 vnt.)",
            "desc": "Minkštas ožkos sūris, pagardintas figų džemu, kepti traškūs svogūnai, gražgarstės. Viskas mūsų ką tik iškeptoje sviestinėje Brioche bandelėje",
            "price": "€1.79"
          },
          {
            "name": "🌱 3. Su mozzarella sūriu ir gvakamole (1 vnt.)",
            "desc": "Mozzarella sūris, gvakamolės pagardas, pomidorai, gražgarstės. Viskas mūsų ką tik iškeptoje sviestinėje Brioche bandelėje",
            "price": "€1.99"
          },
          {
            "name": "4. Su vištiena ir tepamu sūriu (1 vnt.)",
            "desc": "Traški vištiena, marinuotas agurkėlis, tepamas varškės sūris, šviežios salotos, aioli padažas. Viskas mūsų ką tik iškeptoje sviestinėje Brioche bandelėje",
            "price": "€1.79"
          },
          {
            "name": "🌶️ 5. Su vištiena ir jalapeno pipirais (1 vnt.)",
            "desc": "Traški vištiena, marinuota kepta paprika, žalio jalapeno pipirai, šviežios salotos, aioli padažas. Viskas mūsų ką tik iškeptoje sviestinėje Brioche bandelėje",
            "price": "€1.79"
          },
          {
            "name": "6. Su vištiena ir avies sūriu (1 vnt.)",
            "desc": "Traški vištiena, brandintas avies sūris, aukščiausios kokybės rūkyta šoninė, šviežios salotos, BBQ padažas. Viskas mūsų ką tik iškeptoje sviestinėje Brioche bandelėje",
            "price": "€1.99"
          },
          {
            "name": "7. Su vištiena ir šonine (1 vnt.)",
            "desc": "Traški vištiena, aukščiausios kokybės rūkyta šoninė, marinuota kepta paprika, šviežios salotos, čederio padažas. Viskas mūsų ką tik iškeptoje sviestinėje Brioche bandelėje",
            "price": "€1.99"
          },
          {
            "name": "8. Su Serrano kumpiu (1 vnt.)",
            "desc": "Ispaniškas vytintas Serrano kumpis, pomidorai, gražgarstės, ypač tyras alyvuogių aliejus. Viskas mūsų ką tik iškeptoje sviestinėje Brioche bandelėje",
            "price": "€1.59"
          },
          {
            "name": "9. Su chorizo dešra ir marinuotu agurkėliu (1 vnt.)",
            "desc": "Tradicinė ispaniška chorizo dešra su aštriais prieskoniais, kepti traškūs svogūnai, marinuotas agurkėlis, šviežios salotos, čederio padažas. Viskas mūsų ką tik iškeptoje sviestinėje Brioche bandelėje",
            "price": "€1.79"
          },
          {
            "name": "10. Su Serrano kumpiu ir tepamu varškės sūriu (1 vnt.)",
            "desc": "Ispaniškas vytintas Serrano kumpis, figų džemas, tepamas varškės sūris, gražgarstės. Viskas mūsų ką tik iškeptoje sviestinėje Brioche bandelėje",
            "price": "€1.79"
          },
          {
            "name": "🌶️ 11. Su chorizo dešra ir šonine (1 vnt.)",
            "desc": "Tradicinė ispaniška chorizo dešra, aukščiausios kokybės rūkyta šoninė, žalio jalapeno pipirai, šviežios salotos, BBQ padažas. Viskas mūsų ką tik iškeptoje sviestinėje Brioche bandelėje",
            "price": "€1.99"
          },
          {
            "name": "🌶️ 12. Su Serrano kumpiu ir jalapeno pipirais (1 vnt.)",
            "desc": "Ispaniškas vytintas Serrano kumpis, žalio jalapeno pipirai, tepamas varškės sūris, marinuotas agurkėlis, šviežios salotos. Viskas mūsų ką tik iškeptoje sviestinėje Brioche bandelėje",
            "price": "€1.99"
          },
          {
            "name": "🌶️ 13. Su krevetėmis ir salsa brava padažas (1 vnt.)",
            "desc": "Krevetės tempura tešloje, iškeptos iki tobulos aukso rudos spalvos, salsa brava padažas, šviežias pomidoras, ypač tyras alyvuogių aliejus. Viskas mūsų ką tik iškeptoje sviestinėje Brioche bandelėje",
            "price": "€1.79"
          },
          {
            "name": "14. Su lašiša ir gvakamole (1 vnt.)",
            "desc": "Sultinga sūdyta lašiša, gvakamolės pagardas, pomidorai, tepamas varškės sūris. Viskas mūsų ką tik iškeptoje sviestinėje Brioche bandelėje",
            "price": "€1.99"
          },
          {
            "name": "15.Su krevetėmis ir paprika (1 vnt.)",
            "desc": "Krevetės tempura tešloje, iškeptos iki tobulos aukso rudos spalvos, marinuota kepta paprika, salotos, aioli padažas. Viskas mūsų ką tik iškeptoje sviestinėje Brioche bandelėje",
            "price": "€1.99"
          }
        ]
      },
      {
        "category": "Karštieji patiekalai",
        "items": [
          {
            "name": "Skrudintas vištienos kepsnys, įdarytas kumpiu ir sūriu",
            "desc": "Skrudintas vištienos kepsnys, įdarytas kumpiu ir sūriu, patiekiamas su skrudintomis bulvytėmis, šviežiomis salotomis ir saldžiarūgščiu padažu",
            "price": "€5.89"
          },
          {
            "name": "🌶️ Krosnyje keptos ispaniškos chorizo dešrelės",
            "desc": "Aštrios ispaniškos chorizo dešrelės keptos krosnyje, patiekiamos su skrudintomis bulvytėmis, šviežiomis salotomis ir saldžiarūgščiu padažu",
            "price": "€5.89"
          },
          {
            "name": "Kijevo kotletas",
            "desc": "Traškus ir sultingas kijevo kotletas, patiekiamas su skrudintomis bulvytėmis, šviežiomis salotomis ir salsa brava padažu",
            "price": "€6.19"
          },
          {
            "name": "Žemaičių blynai",
            "desc": "Tobulai apskrudę tradiciniai žemaičių blynai su mėsa, patiekiami su grietine",
            "price": "€5.19"
          },
          {
            "name": "Vištienos burgeris",
            "desc": "Burnoje tirpstanti traški vištiena, lydima tobulų partnerių: šoninės juostelių, čederio sūrio, traškaus marinuoto agurkėlio ir šviežių daržovių - apgaubta sviestinės Brioche bandelės.",
            "price": "€7.99"
          },
          {
            "name": "Fish&Chips",
            "desc": "Traškus išorėje ir sultingas viduje menkės kepsnys su sūrio įdaru, patiekamas su skrudintomis bulvytėmis, šviežiomis salotomis ir aioli padažu",
            "price": "€5.89"
          },
          {
            "name": "Vištienos file juostelės",
            "desc": "Traškios vištienos file juostelės patiekiamos su gruzdintomis bulvytėmis, šviežiomis salotomis ir salsa brava padažu.",
            "price": "€5.89"
          }
        ]
      },
      {
        "category": "Salotos",
        "items": [
          {
            "name": "🌱 Salotos su mozzarella sūriu",
            "desc": "Šviežios salotos su mozzarella sūriu, šviežio baziliko pesto padažu, saulėje džiovintais pomidorais",
            "price": "€5.19"
          },
          {
            "name": "Salotos su lašiša",
            "desc": "Šviežios salotos su sultinga sūdyta lašiša, marinuotomis keptomis paprikomis bei gvakamolės pagardu",
            "price": "€5.39"
          },
          {
            "name": "Salotos su ožkos sūriu",
            "desc": "Šviežios salotos su minkštu ožkos sūriu, traškia rūkyta šonine, figų džemu bei keptais traškiais svogūnais",
            "price": "€5.19"
          },
          {
            "name": "Salotos su traškia vištiena",
            "desc": "Šviežios salotos su traškia kepta vištiena ir rūkyta šonine, saulėje džiovintais pomidorais, minkštu avies sūriu bei keptais traškiais svogūnais",
            "price": "€5.19"
          }
        ]
      },
      {
        "category": "Desertai",
        "items": [
          {
            "name": "Tinginys (2 vnt.)",
            "desc": "Šokoladinis kaimiškų sausainių tinginys",
            "price": "€1.99"
          },
          {
            "name": "Ispaniškos čiūros su karamelės padažu",
            "desc": "Tradicinis ispaniškas gruzdintos plikytos tešlos užkandis, pagardintas karamelės padažu",
            "price": "€1.99"
          },
          {
            "name": "Kanelė (1 vnt.)",
            "desc": "Traškaus karamelinio paviršiaus ir minkštutėlio, burnoje tirpstančio, vidaus kanelė",
            "price": "€0.99"
          }
        ]
      },
      {
        "category": "Ledai",
        "items": [
          {
            "name": "Ben&Jerry's ledai su karamele ,,Chew Chew'', 100 ml",
            "desc": "Karameliniai ledai su karamelės įdaru ir karamelės gabalėliais, aplietais šokoladu",
            "price": "€2.99"
          },
          {
            "name": "Ben&Jerry's ledai šokoladinio braunio skonio, 100 ml",
            "desc": "Šokoladiniai ledai su šokoladinio pyrago gabalėliais",
            "price": "€2.99"
          },
          {
            "name": "Ben&Jerrys's ledai sausainių tešlos skonio, 100 ml",
            "desc": "Vaniliniai ledai su šokoladinių sausainių gabalėliais",
            "price": "€2.99"
          }
        ]
      },
      {
        "category": "Gėrimai",
        "items": [
          {
            "name": "Pepsi 0,2 l",
            "desc": "",
            "price": "€1.79"
          },
          {
            "name": "7up 0,2 l",
            "desc": "",
            "price": "€1.79"
          },
          {
            "name": "Mirinda 0,2 l",
            "desc": "",
            "price": "€1.79"
          },
          {
            "name": "Nealkoholinis ispaniškas alus 0,25 l",
            "desc": "",
            "price": "€2.30"
          },
          {
            "name": "Nealkoholinis alus Heineken 0,33 l",
            "desc": "",
            "price": "€2.20"
          },
          {
            "name": "Nealkoholinis KALNAPILIO alaus kokteilis LITE GRAPEFRUlT 0,5 l",
            "desc": "",
            "price": "€2.10"
          },
          {
            "name": "Nealkoholinis KALNAPILIO ORIGINAL alus 0,5 l",
            "desc": "",
            "price": "€2.20"
          },
          {
            "name": "Pomidorų sultys 0,2 l",
            "desc": "",
            "price": "€1.49"
          },
          {
            "name": "Persikų nektaras 0,2 l",
            "desc": "",
            "price": "€1.49"
          },
          {
            "name": "Ananasų nektaras 0,2 l",
            "desc": "",
            "price": "€1.49"
          },
          {
            "name": "Apelsinų nektaras 0,2 l",
            "desc": "",
            "price": "€1.49"
          },
          {
            "name": "Mineralinis vanduo Norte 0,33 l",
            "desc": "",
            "price": "€1.39"
          },
          {
            "name": "Gazuotas mineralinis vanduo Norte 0,33 l",
            "desc": "",
            "price": "€1.39"
          },
          {
            "name": "VILKMERGĖS gira 0,4 l",
            "desc": "",
            "price": "€2.40"
          }
        ]
      },
      {
        "category": "Alkoholiniai gėrimai",
        "items": [
          {
            "name": "SOL 0,33 l",
            "desc": "Vartodami alkoholį, rizikuojate savo sveikata, šeimos ir visuomenės gerove. Šviesus alus/lageris",
            "price": "€2.79\n(4.5% vol)"
          },
          {
            "name": "Vilkmergės Tamsusis 0,41 l",
            "desc": "Vartodami alkoholį, rizikuojate savo sveikata, šeimos ir visuomenės gerove. Tamsus alus",
            "price": "€2.89\n(5.8% vol)"
          },
          {
            "name": "San Miguel 0,25 l",
            "desc": "Vartodami alkoholį, rizikuojate savo sveikata, šeimos ir visuomenės gerove. Šviesus alus/lageris",
            "price": "€2.29\n(5.4% vol)"
          },
          {
            "name": "Mahou 0,25 l",
            "desc": "Vartodami alkoholį, rizikuojate savo sveikata, šeimos ir visuomenės gerove. Šviesus alus/lageris",
            "price": "€2.29\n(5.5% vol)"
          },
          {
            "name": "Cruzcampo 0,25 l",
            "desc": "Vartodami alkoholį, rizikuojate savo sveikata, šeimos ir visuomenės gerove. Šviesus alus/lageris",
            "price": "€2.29\n(4.8% vol)"
          },
          {
            "name": "Senorio de Melvin raudonas vynas 0,75 l",
            "desc": "Vartodami alkoholį, rizikuojate savo sveikata, šeimos ir visuomenės gerove. Raudonas vynas",
            "price": "€11.89\n(11% vol)"
          },
          {
            "name": "Senorio de Melvin baltas vynas 0,75 l",
            "desc": "Vartodami alkoholį, rizikuojate savo sveikata, šeimos ir visuomenės gerove. Baltas vynas",
            "price": "€11.89\n(11% vol)"
          },
          {
            "name": "Tonon Pinot Grigio Venezia baltas vynas 0,75 l",
            "desc": "Vartodami alkoholį, rizikuojate savo sveikata, šeimos ir visuomenės gerove. Baltas vynas",
            "price": "€14.89\n(12% vol)"
          },
          {
            "name": "Nobiles Primitivo raudonas vynas 0,75 l",
            "desc": "Vartodami alkoholį, rizikuojate savo sveikata, šeimos ir visuomenės gerove. Raudonas vynas",
            "price": "€14.29\n(14% vol)"
          },
          {
            "name": "Vino Campo Cortijano Crianza raudonas vynas 0,75 l",
            "desc": "Vartodami alkoholį, rizikuojate savo sveikata, šeimos ir visuomenės gerove. Raudonas vynas",
            "price": "€16.69\n(14.5% vol)"
          },
          {
            "name": "Cava Juve Masana Brut Reserva putojanatis vynas 0,75 l",
            "desc": "Vartodami alkoholį, rizikuojate savo sveikata, šeimos ir visuomenės gerove. Putojantis sausas vynas",
            "price": "€14.89\n(11.5% vol)"
          },
          {
            "name": "Cava Juve Masana Semiseco putojanatis vynas 0,75 l",
            "desc": "Vartodami alkoholį, rizikuojate savo sveikata, šeimos ir visuomenės gerove. Putojantis pusiau sausas vynas",
            "price": "€14.89\n(11% vol)"
          },
          {
            "name": "Cava Juve Masana Rose putojanatis vynas 0,75 l",
            "desc": "Vartodami alkoholį, rizikuojate savo sveikata, šeimos ir visuomenės gerove. Putojantis rausvas vynas",
            "price": "€17.89\n(11.5% vol)"
          },
          {
            "name": "Vecja Vigna Extra dry putojanatis vynas 0,75 l",
            "desc": "Vartodami alkoholį, rizikuojate savo sveikata, šeimos ir visuomenės gerove. Putojantis sausas vynas",
            "price": "€16.69\n(11% vol)"
          }
        ]
      },
      {
        "category": "Padažai",
        "items": [
          {
            "name": "Aioli padažas",
            "desc": "",
            "price": "€0.50"
          },
          {
            "name": "BBQ padažas",
            "desc": "",
            "price": "€0.50"
          },
          {
            "name": "Čederio padažas",
            "desc": "",
            "price": "€0.50"
          },
          {
            "name": "Salsa Brava padažas",
            "desc": "",
            "price": "€0.50"
          },
          {
            "name": "Saldžiarūgštis padažas",
            "desc": "",
            "price": "€0.50"
          },
          {
            "name": "Sūrio ir česnakų padažas",
            "desc": "",
            "price": "€0.50"
          },
          {
            "name": "Pomidorų padažas",
            "desc": "",
            "price": "€0.50"
          }
        ]
      },
      {
        "category": "Įrankiai🍴",
        "items": [
          {
            "name": "Vienkartiniai įrankiai",
            "desc": "",
            "price": "€0.40"
          }
        ]
      }
    ]
  },
  {
    "address": "Vokiečių g. 8",
    "location": [
      25.2847783,
      54.6785042
    ],
    "name": "Plus Plus Plus (Vokiečių g.)",
    "rating": {
      "rating": 4,
      "score": 9.2
    },
    "short_description": "+++ draugiški Jūsų piniginei || Šis restoranas priklauso ir jį valdo UAB Makarena, kuris yra atsakinga už parduodamas prekes. Visą informaciją apie parduodamus produktus pateikia pardavėjas",
    "id": "plus-plus-plus-vokieciu-g",
    "tags": [
      "alkoholis",
      "alus",
      "sumuštiniai"
    ],
    "distance": "0.8 km",
    "duration": 10,
    "menu": [
      {
        "category": "Wolt Specials",
        "items": [
          {
            "name": "🌶️ Krosnyje keptos ispaniškos chorizo dešrelės",
            "desc": "Aštrios ispaniškos chorizo dešrelės keptos krosnyje, patiekiamos su skrudintomis bulvytėmis, šviežiomis salotomis ir saldžiarūgščiu padažu",
            "price": "€4.71\n5.89"
          }
        ]
      },
      {
        "category": "Populiariausieji 🏆",
        "items": [
          {
            "name": "Kijevo kotletas",
            "desc": "Traškus ir sultingas kijevo kotletas, patiekiamas su skrudintomis bulvytėmis, šviežiomis salotomis ir salsa brava padažu",
            "price": "€6.19"
          },
          {
            "name": "4. Montadita su vištiena ir tepamu sūriu (1 vnt.)",
            "desc": "Traški vištiena, marinuotas agurkėlis, tepamas varškės sūris, šviežios salotos, aioli padažas. Viskas mūsų ką tik iškeptoje sviestinėje Brioche bandelėje",
            "price": "€1.79"
          },
          {
            "name": "14. Montadita su lašiša ir gvakamole (1 vnt.)",
            "desc": "Sultinga sūdyta lašiša, gvakamolės pagardas, pomidorai, tepamas varškės sūris. Viskas mūsų ką tik iškeptoje sviestinėje Brioche bandelėje",
            "price": "€1.99"
          },
          {
            "name": "NAUJIENA!🌶️ Vištienos sparneliai BBQ ir chipotle padaže",
            "desc": "Burnoje tirpstantys vištienos sparneliai BBQ ir chipotle padaže, šiek tiek aštriau! Norisi daugiau, o gal reikės dalintis su kitais? - pasirink didesnę porciją ir, jei norisi, papildomą padažą!",
            "price": "€4.99"
          },
          {
            "name": "Traškūs vištienos kepsneliai",
            "desc": "Itin traškūs išorėje ir itin sultingi iš vidaus vištienos kepsneliai su BBQ padažu. Norisi daugiau, o gal reikės dalintis su kitais? - pasirink didesnę porciją ir papildomą padažą!",
            "price": "€3.59"
          },
          {
            "name": "Bulvytės fri su šonine",
            "desc": "Bulvytės fri su tobulai apskrudusia šonine, patiekiama su aioli bei čederio padažais",
            "price": "€3.59"
          },
          {
            "name": "🌱 Spring rolls su daržovėmis",
            "desc": "Traškūs ir švelnūs spring rolls su daržovėmis, patiekiami su saldžiarūgščiu padažu. Puikus pasirinkimas vegetarams ir ne tik!",
            "price": "€4.59"
          }
        ]
      },
      {
        "category": "Užkandžiai",
        "items": [
          {
            "name": "🌱 Alyvuogių kokteilis",
            "desc": "Mūsų firminis ispaniškų alyvuogių kokteilis",
            "price": "€2.29"
          },
          {
            "name": "🌱 Riešutėliai",
            "desc": "Populiarieji +++ riešutai",
            "price": "€2.29"
          },
          {
            "name": "🌱 Natūralūs bulvių traškučiai",
            "desc": "Jau klasika tapę - sūdytų bulvių traškučiai",
            "price": "€2.29"
          },
          {
            "name": "🌱 Bulvytės fri",
            "desc": "Apskrudusios iki auksinės spalvos bulvytės, patiekiamos su natūraliu pomidorų padažu. Norisi daugiau, o gal reikės dalintis su kitais? - pasirink didesnę porciją ir papildomą padažą!",
            "price": "€2.29"
          },
          {
            "name": "🌱 Nachos traškučiai",
            "desc": "Idealaus traškumo nachos su čederio padažu",
            "price": "€3.59"
          },
          {
            "name": "🌱 Gardi kepta duona su grūdais",
            "desc": "Traški kepta duona su sūrio ir česnako padažu",
            "price": "€3.59"
          },
          {
            "name": "🌱 Skrudinti svogūnų žiedai 9 vnt.",
            "desc": "Puikūs, su ypač traškia plutele iš išorės svogūnų žiedai su aioli padažu 9 vnt.",
            "price": "€3.59"
          },
          {
            "name": "Traškūs vištienos kepsneliai",
            "desc": "Itin traškūs išorėje ir itin sultingi iš vidaus vištienos kepsneliai su BBQ padažu. Norisi daugiau, o gal reikės dalintis su kitais? - pasirink didesnę porciją ir papildomą padažą!",
            "price": "€3.59"
          },
          {
            "name": "Bulvytės fri su vištienos kepsneliais",
            "desc": "Bulvytės fri su vištienos kepsneliais, kepti traškūs svogūnai, bbq ir salsa brava padažas",
            "price": "€4.99"
          },
          {
            "name": "Bulvytės fri su šonine",
            "desc": "Bulvytės fri su tobulai apskrudusia šonine, patiekiama su aioli bei čederio padažais",
            "price": "€3.59"
          },
          {
            "name": "Mėsos rinkinys, alyvuogės",
            "desc": "Ispaniškas vytintas Serrano kumpis, tradicinė ispaniška chorizo dešra, mūsų firminis ispaniškų alyvuogių kokteilis",
            "price": "€4.99"
          },
          {
            "name": "Juodos čederio sūrio spurgytės 7 vnt.",
            "desc": "Burnoje tirpstančios, intensyvaus skonio čederio sūrio spurgytės, kai norisi šiek tiek aštriau! 7 vnt.",
            "price": "€4.99"
          },
          {
            "name": "Tempura su krevetėmis 5 vnt.",
            "desc": "Krevetės tempura tešloje, iškeptos iki tobulos aukso rudos spalvos, patiekiamos su saldžiarūgščiu padažu 5 vnt.",
            "price": "€4.99"
          },
          {
            "name": "Nachos su chorizo dešra",
            "desc": "Idealaus traškumo nachos su ispaniška chorizo dešra, šviežiais pomidoras, marinuota kepta paprika, čederio padažu, gvakamole, ir grietine",
            "price": "€4.99"
          },
          {
            "name": "🌱 Spring rolls su daržovėmis 10 vnt.",
            "desc": "Traškūs ir švelnūs spring rolls su daržovėmis, patiekiami su saldžiarūgščiu padažu. Puikus pasirinkimas vegetarams ir ne tik! 10 vnt.",
            "price": "€3.59"
          },
          {
            "name": "Vištienos sparneliai BBQ ir chipotle padaže 🌶️",
            "desc": "Burnoje tirpstantys vištienos sparneliai BBQ ir chipotle padaže, šiek tiek aštriau! Norisi daugiau, o gal reikės dalintis su kitais? - pasirink didesnę porciją ir, jei norisi, papildomą padažą!",
            "price": "€4.99"
          },
          {
            "name": "37. Užkandžių rinkinys",
            "desc": "Svogūnų žiedai, gardi kepta duona su grūdais, skrudintos bulvytės fri, traškūs vištienos kepsneliai, alioli, salsa brava, sūrio ir česnakų padažai",
            "price": "€15.89"
          },
          {
            "name": "38. Užkandžių rinkinys",
            "desc": "Vištienos sparneliai BBQ ir chipotle padaže, gardi kepta duona, bulvytės fri, spring rolls su daržovėmis, pomidorų, saldžiarūgštis, sūrio ir česnakų padažai",
            "price": "€15.89"
          }
        ]
      },
      {
        "category": "Kompanijoms",
        "items": [
          {
            "name": "Vegetariškas (8 vnt.)",
            "desc": "Mozzarella sūris, pesto, saulėje džiovinti pomidorai, gražgarstės (4 vnt.), Minkštas ožkos sūris, figų džemas, kepti traškūs svogūnai, gražgarstės (2 vnt.), Mozzarella sūris, gvakamolė, pomidorai, gražgarstės (2 vnt.)",
            "price": "€14.32"
          },
          {
            "name": "Su vištiena (8 vnt.)",
            "desc": "Traški vištiena, marinuotas agurkėlis, tepamas sūris, aioli, salotos (2 vnt.), Traški vištiena, marinuota kepta paprika, jalapeno pipirai, aioli, salotos (2 vnt.), Traški vištiena, kietas avies sūris, rūkyta šoninė, BBQ, salotos (2 vnt.), Traški vištiena, marinuota kepta paprika, rūkyta šoninė, čederio padažas, salotos (2 vnt.)",
            "price": "€14.32"
          },
          {
            "name": "Su mėsa (10 vnt.)",
            "desc": "Ispaniškas vytintas Serrano kumpis, pomidorai, gražgarstės, alyvuogių aliejus (2 vnt.), Tradicinė ispaniška chorizo dešra, kepti traškūs svogūnai, marinuotas agurkėlis, čederio padažas, salotos (2 vnt.), Ispaniškas vytintas Serrano kumpis, figų džemas, tepamas sūris, gražgarstės (2 vnt.), Tradicinė ispaniška chorizo dešra, rūkyta šoninė, BBQ, jalapeno pipirai, salotos (2 vnt.), Ispaniškas vytintas Serrano kumpis, jalapeno pipirai, tepamas sūris, marinuotas agurkėlis, salotos (2 vnt.)",
            "price": "€17.90"
          },
          {
            "name": "Su žuvimi, krevetėmis (8 vnt.)",
            "desc": "Tempura su krevetėmis, pomidorai, salsa brava padažas, alyvuogių aliejus (2 vnt.), Sūdyta lašiša, gvakamolė, pomidorai, tepamas sūris (4 vnt.), Tempura su krevetėmis, marinuota kepta paprika, aioli, salotos (2 vnt.)",
            "price": "€14.32"
          },
          {
            "name": "Aštrusis (8 vnt.) 🌶",
            "desc": "Traški vištiena, marinuota kepta paprika, jalapeno pipirai, aioli, salotos (2 vnt.), Tradicinė ispaniška chorizo dešra, rūkyta šoninė, BBQ, jalapeno pipirai, salotos (2 vnt.), Ispaniškas vytintas Serrano kumpis, jalapeno pipirai, tepamas sūris, marinuotas agurkėlis, salotos (2 vnt.), Tempura su krevetėmis, pomidorai, salsa brava padažas, alyvuogių aliejus (2 vnt.)",
            "price": "€14.32"
          },
          {
            "name": "TOP (10 vnt.)",
            "desc": "Mozzarella sūris, gvakamolė, pomidorai, gražgarstės (2 vnt.), Traški vištiena, kietas avies sūris, rūkyta šoninė, BBQ, salotos (2 vnt.), Ispaniškas vytintas Serrano kumpis, pomidorai, gražgarstės, alyvuogių aliejus (2 vnt.), Ispaniškas vytintas Serrano kumpis, jalapeno pipirai, tepamas sūris, marinuotas agurkėlis, salotos (2 vnt.), Sūdyta lašiša, gvakamolė, pomidorai, tepamas sūris (2 vnt.)",
            "price": "€17.90"
          }
        ]
      },
      {
        "category": "Gardžiosios montaditos",
        "items": [
          {
            "name": "🌱 1. Su mozzarella sūriu ir saulėje džiovintais pomidorais (1 vnt.)",
            "desc": "Mozzarella sūris, šviežio baziliko pesto padažas, saulėje džiovinti pomidorai, gražgarstės. Viskas mūsų ką tik iškeptoje sviestinėje Brioche bandelėje",
            "price": "€1.79"
          },
          {
            "name": "🌱 2. Su ožkos sūriu ir figų džemu (1 vnt.)",
            "desc": "Minkštas ožkos sūris, pagardintas figų džemu, kepti traškūs svogūnai, gražgarstės. Viskas mūsų ką tik iškeptoje sviestinėje Brioche bandelėje",
            "price": "€1.79"
          },
          {
            "name": "🌱 3. Su mozzarella sūriu ir gvakamole (1 vnt.)",
            "desc": "Mozzarella sūris, gvakamolės pagardas, pomidorai, gražgarstės. Viskas mūsų ką tik iškeptoje sviestinėje Brioche bandelėje",
            "price": "€1.99"
          },
          {
            "name": "🌶️ 5. Su vištiena ir jalapeno pipirais (1 vnt.)",
            "desc": "Traški vištiena, marinuota kepta paprika, žalio jalapeno pipirai, šviežios salotos, aioli padažas. Viskas mūsų ką tik iškeptoje sviestinėje Brioche bandelėje",
            "price": "€1.79"
          },
          {
            "name": "6. Su vištiena ir avies sūriu (1 vnt.)",
            "desc": "Traški vištiena, brandintas avies sūris, aukščiausios kokybės rūkyta šoninė, šviežios salotos, BBQ padažas. Viskas mūsų ką tik iškeptoje sviestinėje Brioche bandelėje",
            "price": "€1.99"
          },
          {
            "name": "7. Su vištiena ir šonine (1 vnt.)",
            "desc": "Traški vištiena, aukščiausios kokybės rūkyta šoninė, marinuota kepta paprika, šviežios salotos, čederio padažas. Viskas mūsų ką tik iškeptoje sviestinėje Brioche bandelėje",
            "price": "€1.99"
          },
          {
            "name": "8. Su Serrano kumpiu (1 vnt.)",
            "desc": "Ispaniškas vytintas Serrano kumpis, pomidorai, gražgarstės, ypač tyras alyvuogių aliejus. Viskas mūsų ką tik iškeptoje sviestinėje Brioche bandelėje",
            "price": "€1.59"
          },
          {
            "name": "10. Su Serrano kumpiu ir tepamu varškės sūriu (1 vnt.)",
            "desc": "Ispaniškas vytintas Serrano kumpis, figų džemas, tepamas varškės sūris, gražgarstės. Viskas mūsų ką tik iškeptoje sviestinėje Brioche bandelėje",
            "price": "€1.79"
          },
          {
            "name": "🌶️ 11. Su chorizo dešra ir šonine (1 vnt.)",
            "desc": "Tradicinė ispaniška chorizo dešra, aukščiausios kokybės rūkyta šoninė, žalio jalapeno pipirai, šviežios salotos, BBQ padažas. Viskas mūsų ką tik iškeptoje sviestinėje Brioche bandelėje",
            "price": "€1.99"
          },
          {
            "name": "🌶️ 13. Su krevetėmis ir salsa brava padažas (1 vnt.)",
            "desc": "Krevetės tempura tešloje, iškeptos iki tobulos aukso rudos spalvos, salsa brava padažas, šviežias pomidoras, ypač tyras alyvuogių aliejus. Viskas mūsų ką tik iškeptoje sviestinėje Brioche bandelėje",
            "price": "€1.79"
          },
          {
            "name": "14. Su lašiša ir gvakamole (1 vnt.)",
            "desc": "Sultinga sūdyta lašiša, gvakamolės pagardas, pomidorai, tepamas varškės sūris. Viskas mūsų ką tik iškeptoje sviestinėje Brioche bandelėje",
            "price": "€1.99"
          },
          {
            "name": "15.Su krevetėmis ir paprika (1 vnt.)",
            "desc": "Krevetės tempura tešloje, iškeptos iki tobulos aukso rudos spalvos, marinuota kepta paprika, salotos, aioli padažas. Viskas mūsų ką tik iškeptoje sviestinėje Brioche bandelėje",
            "price": "€1.99"
          }
        ]
      },
      {
        "category": "Karštieji patiekalai",
        "items": [
          {
            "name": "Skrudintas vištienos kepsnys, įdarytas kumpiu ir sūriu",
            "desc": "Skrudintas vištienos kepsnys, įdarytas kumpiu ir sūriu, patiekiamas su skrudintomis bulvytėmis, šviežiomis salotomis ir saldžiarūgščiu padažu",
            "price": "€5.89"
          },
          {
            "name": "🌶️ Krosnyje keptos ispaniškos chorizo dešrelės",
            "desc": "Aštrios ispaniškos chorizo dešrelės keptos krosnyje, patiekiamos su skrudintomis bulvytėmis, šviežiomis salotomis ir saldžiarūgščiu padažu",
            "price": "€5.89"
          },
          {
            "name": "Kijevo kotletas",
            "desc": "Traškus ir sultingas kijevo kotletas, patiekiamas su skrudintomis bulvytėmis, šviežiomis salotomis ir salsa brava padažu",
            "price": "€6.19"
          },
          {
            "name": "Žemaičių blynai",
            "desc": "Tobulai apskrudę tradiciniai žemaičių blynai su mėsa, patiekiami su grietine",
            "price": "€5.19"
          },
          {
            "name": "Fish&Chips",
            "desc": "Traškus išorėje ir sultingas viduje menkės kepsnys su sūrio įdaru, patiekamas su skrudintomis bulvytėmis, šviežiomis salotomis ir aioli padažu",
            "price": "€5.89"
          },
          {
            "name": "Vištienos file juostelės",
            "desc": "Traškios vištienos file juostelės patiekiamos su gruzdintomis bulvytėmis, šviežiomis salotomis ir salsa brava padažu.",
            "price": "€5.89"
          }
        ]
      },
      {
        "category": "Salotos",
        "items": [
          {
            "name": "🌱 Salotos su mozzarella sūriu",
            "desc": "Šviežios salotos su mozzarella sūriu, šviežio baziliko pesto padažu, saulėje džiovintais pomidorais",
            "price": "€5.19"
          },
          {
            "name": "Salotos su lašiša",
            "desc": "Šviežios salotos su sultinga sūdyta lašiša, marinuotomis keptomis paprikomis bei gvakamolės pagardu",
            "price": "€5.39"
          },
          {
            "name": "Salotos su ožkos sūriu",
            "desc": "Šviežios salotos su minkštu ožkos sūriu, traškia rūkyta šonine, figų džemu bei keptais traškiais svogūnais",
            "price": "€5.19"
          },
          {
            "name": "Salotos su traškia vištiena",
            "desc": "Šviežios salotos su traškia kepta vištiena ir rūkyta šonine, saulėje džiovintais pomidorais, minkštu avies sūriu bei keptais traškiais svogūnais",
            "price": "€5.19"
          }
        ]
      },
      {
        "category": "Desertai",
        "items": [
          {
            "name": "Ispaniškos čiūros su karamelės padažu",
            "desc": "Tradicinis ispaniškas gruzdintos plikytos tešlos užkandis, pagardintas karamelės padažu",
            "price": "€1.99"
          }
        ]
      },
      {
        "category": "Ledai",
        "items": [
          {
            "name": "Ben&Jerry's ledai su karamele ,,Chew Chew'', 100 ml",
            "desc": "Karameliniai ledai su karamelės įdaru ir karamelės gabalėliais, aplietais šokoladu",
            "price": "€2.99"
          },
          {
            "name": "Ben&Jerry's ledai šokoladinio braunio skonio, 100 ml",
            "desc": "Šokoladiniai ledai su šokoladinio pyrago gabalėliais",
            "price": "€2.99"
          },
          {
            "name": "Ben&Jerrys's ledai sausainių tešlos skonio, 100 ml",
            "desc": "Vaniliniai ledai su šokoladinių sausainių gabalėliais",
            "price": "€2.99"
          }
        ]
      },
      {
        "category": "Gėrimai",
        "items": [
          {
            "name": "Pepsi 0,2 l",
            "desc": "",
            "price": "€1.79"
          },
          {
            "name": "7up 0,2 l",
            "desc": "",
            "price": "€1.79"
          },
          {
            "name": "Mirinda 0,2 l",
            "desc": "",
            "price": "€1.79"
          },
          {
            "name": "Nealkoholinis ispaniškas alus 0,25 l",
            "desc": "",
            "price": "€2.30"
          },
          {
            "name": "Nealkoholinis alus Heineken 0,33 l",
            "desc": "",
            "price": "€2.20"
          },
          {
            "name": "Nealkoholinis KALNAPILIO alaus kokteilis LITE GRAPEFRUlT 0,5 l",
            "desc": "",
            "price": "€2.10"
          },
          {
            "name": "Nealkoholinis KALNAPILIO ORIGINAL alus 0,5 l",
            "desc": "",
            "price": "€2.20"
          },
          {
            "name": "Pomidorų sultys 0,2 l",
            "desc": "",
            "price": "€1.49"
          },
          {
            "name": "Persikų nektaras 0,2 l",
            "desc": "",
            "price": "€1.49"
          },
          {
            "name": "Ananasų nektaras 0,2 l",
            "desc": "",
            "price": "€1.49"
          },
          {
            "name": "Apelsinų nektaras 0,2 l",
            "desc": "",
            "price": "€1.49"
          },
          {
            "name": "Mineralinis vanduo Norte 0,33 l",
            "desc": "",
            "price": "€1.39"
          },
          {
            "name": "Gazuotas mineralinis vanduo Norte 0,33 l",
            "desc": "",
            "price": "€1.39"
          },
          {
            "name": "VILKMERGĖS gira 0,4 l",
            "desc": "",
            "price": "€2.40"
          }
        ]
      },
      {
        "category": "Alkoholiniai gėrimai",
        "items": [
          {
            "name": "SOL 0,33 l",
            "desc": "Vartodami alkoholį, rizikuojate savo sveikata, šeimos ir visuomenės gerove. Šviesus alus/lageris",
            "price": "€2.79\n(4.5% vol)"
          },
          {
            "name": "Vilkmergės Tamsusis 0,41 l",
            "desc": "Vartodami alkoholį, rizikuojate savo sveikata, šeimos ir visuomenės gerove. Tamsus alus",
            "price": "€2.89\n(5.8% vol)"
          },
          {
            "name": "San Miguel 0,25 l",
            "desc": "Vartodami alkoholį, rizikuojate savo sveikata, šeimos ir visuomenės gerove. Šviesus alus/lageris",
            "price": "€2.29\n(5.4% vol)"
          },
          {
            "name": "Mahou 0,25 l",
            "desc": "Vartodami alkoholį, rizikuojate savo sveikata, šeimos ir visuomenės gerove. Šviesus alus/lageris",
            "price": "€2.29\n(5.5% vol)"
          },
          {
            "name": "Cruzcampo 0,25 l",
            "desc": "Vartodami alkoholį, rizikuojate savo sveikata, šeimos ir visuomenės gerove. Šviesus alus/lageris",
            "price": "€2.29\n(4.8% vol)"
          },
          {
            "name": "Senorio de Melvin raudonas vynas 0,75 l",
            "desc": "Vartodami alkoholį, rizikuojate savo sveikata, šeimos ir visuomenės gerove. Raudonas vynas",
            "price": "€11.89\n(11% vol)"
          },
          {
            "name": "Senorio de Melvin baltas vynas 0,75 l",
            "desc": "Vartodami alkoholį, rizikuojate savo sveikata, šeimos ir visuomenės gerove. Baltas vynas",
            "price": "€11.89\n(11% vol)"
          },
          {
            "name": "Tonon Pinot Grigio Venezia baltas vynas 0,75 l",
            "desc": "Vartodami alkoholį, rizikuojate savo sveikata, šeimos ir visuomenės gerove. Baltas vynas",
            "price": "€14.89\n(12% vol)"
          },
          {
            "name": "Nobiles Primitivo raudonas vynas 0,75 l",
            "desc": "Vartodami alkoholį, rizikuojate savo sveikata, šeimos ir visuomenės gerove. Raudonas vynas",
            "price": "€14.29\n(14% vol)"
          },
          {
            "name": "Vino Campo Cortijano Crianza raudonas vynas 0,75 l",
            "desc": "Vartodami alkoholį, rizikuojate savo sveikata, šeimos ir visuomenės gerove. Raudonas vynas",
            "price": "€16.69\n(14.5% vol)"
          },
          {
            "name": "Cava Juve Masana Brut Reserva putojanatis vynas 0,75 l",
            "desc": "Vartodami alkoholį, rizikuojate savo sveikata, šeimos ir visuomenės gerove. Putojantis sausas vynas",
            "price": "€14.89\n(11.5% vol)"
          },
          {
            "name": "Cava Juve Masana Semiseco putojanatis vynas 0,75 l",
            "desc": "Vartodami alkoholį, rizikuojate savo sveikata, šeimos ir visuomenės gerove. Putojantis pusiau sausas vynas",
            "price": "€14.89\n(11% vol)"
          },
          {
            "name": "Cava Juve Masana Rose putojanatis vynas 0,75 l",
            "desc": "Vartodami alkoholį, rizikuojate savo sveikata, šeimos ir visuomenės gerove. Putojantis rausvas vynas",
            "price": "€17.89\n(11.5% vol)"
          },
          {
            "name": "Vecja Vigna Extra dry putojanatis vynas 0,75 l",
            "desc": "Vartodami alkoholį, rizikuojate savo sveikata, šeimos ir visuomenės gerove. Putojantis sausas vynas",
            "price": "€16.69\n(11% vol)"
          }
        ]
      },
      {
        "category": "Padažai",
        "items": [
          {
            "name": "Aioli padažas",
            "desc": "",
            "price": "€0.50"
          },
          {
            "name": "BBQ padažas",
            "desc": "",
            "price": "€0.50"
          },
          {
            "name": "Čederio padažas",
            "desc": "",
            "price": "€0.50"
          },
          {
            "name": "Salsa Brava padažas",
            "desc": "",
            "price": "€0.50"
          },
          {
            "name": "Saldžiarūgštis padažas",
            "desc": "",
            "price": "€0.50"
          },
          {
            "name": "Sūrio ir česnakų padažas",
            "desc": "",
            "price": "€0.50"
          },
          {
            "name": "Pomidorų padažas",
            "desc": "",
            "price": "€0.50"
          }
        ]
      },
      {
        "category": "Įrankiai🍴",
        "items": [
          {
            "name": "Vienkartiniai įrankiai",
            "desc": "",
            "price": "€0.40"
          }
        ]
      }
    ]
  },
  {
    "address": "A. Smetonos g. 3-50",
    "location": [
      25.276876141344836,
      54.68608054318071
    ],
    "name": "Kamikadze Takeaway",
    "rating": {
      "rating": 4,
      "score": 9.4
    },
    "short_description": " Japonų virtuvė į jūsų namus",
    "id": "kamikadze-takeaway",
    "tags": [
      "azijietiška",
      "japoniška",
      "jūros gėrybės"
    ],
    "distance": "1.0 km",
    "duration": 13,
    "menu": [
      {
        "category": "Pagrindiniai",
        "items": [
          {
            "name": "Salmon avocado don",
            "desc": "Lašiša su avokadu ant virtų ryžių",
            "price": "€13.10"
          },
          {
            "name": "Maguro avocado don",
            "desc": "Tunas su avokadu ant virtų ryžių",
            "price": "€12.30"
          },
          {
            "name": "Salmon aburi don",
            "desc": "Truputį apkepta lašiša ant virtų ryžių",
            "price": "€14.60"
          },
          {
            "name": "Syake no zuke mayo don",
            "desc": "Marinuota lašiša ant virtų ryžių",
            "price": "€14.60"
          },
          {
            "name": "Maguro zuke don",
            "desc": "Marinuotas tunas ant virtų ryžių",
            "price": "€13.80"
          },
          {
            "name": "Syake piripiri don",
            "desc": "Aštri lašiša ant virtų ryžių",
            "price": "€15.10"
          },
          {
            "name": "Ryukyu don",
            "desc": "Marinuotų žuvų rinkinys,tunas,lašiša,hamachi ant virtų ryžių",
            "price": "€17.10"
          },
          {
            "name": "Love Salmon",
            "desc": "Lašišų rinkinys ant virtų ryžių",
            "price": "€19.10"
          },
          {
            "name": "Negitoro don",
            "desc": "Tuno tartaras ant virtų ryžių",
            "price": "€23.30"
          },
          {
            "name": "Syake Ikura don",
            "desc": "Lašiša su marinuotais ikrais ant virtų ryžių",
            "price": "€21.60"
          },
          {
            "name": "Una Jyu",
            "desc": "Ungurys ant virtų ryžių",
            "price": "€20.80"
          }
        ]
      },
      {
        "category": "Užkandžai",
        "items": [
          {
            "name": "Rice",
            "desc": "Ryžiai",
            "price": "€2.90"
          },
          {
            "name": "Inari Zushi 3 vnt.",
            "desc": "Tofu kišenėlė su sushi ryžiais",
            "price": "€6.80"
          },
          {
            "name": "Yakitori 2 vnt.",
            "desc": "Vištienos iešmeliai",
            "price": "€5.80"
          },
          {
            "name": "Edamame",
            "desc": "Virtos sojos pupelės",
            "price": "€4.80"
          },
          {
            "name": "Kyuri pirikara zuke",
            "desc": "Marinuotas aštrus agurkas",
            "price": "€5.30"
          },
          {
            "name": "Syake no pirpiri ae",
            "desc": "Aštri lašiša",
            "price": "€12.60"
          }
        ]
      },
      {
        "category": "Sriubos",
        "items": [
          {
            "name": "Miso sriuba",
            "desc": "Tradicinė japoniška miso sriuba",
            "price": "€3.50"
          }
        ]
      },
      {
        "category": "Padažai",
        "items": [
          {
            "name": "Sojos padažas",
            "desc": "",
            "price": "€0.50"
          }
        ]
      },
      {
        "category": "Gėrimai",
        "items": [
          {
            "name": "Originalaus skonio japoniškas limonadas Ramune 0,2 l",
            "desc": "",
            "price": "€3.50"
          }
        ]
      }
    ]
  },
  {
    "address": "Basanavičiaus g. 7",
    "location": [
      25.276267,
      54.6801964
    ],
    "name": "Spyglys",
    "rating": {
      "rating": 4,
      "score": 9.2
    },
    "short_description": "Tex-Mex bulvytės, tacos ir kiti Meksikietiški džiaugsmai",
    "id": "spyglys",
    "tags": [
      "meksikietiška",
      "taco",
      "burita"
    ],
    "distance": "73 m",
    "duration": 1,
    "menu": [
      {
        "category": "Burritos",
        "items": [
          {
            "name": "Burrito su vištiena",
            "desc": "Kvietinės tortilijos suktinis su svogūnu pagardintais ryžiais, konservuotomis pupelėmis, kukurūzais, Pico de gallo salsa, BBQ padažu ir kapota vištiena",
            "price": "€9.00"
          },
          {
            "name": "Burrito su kiauliena",
            "desc": "Kvietinės tortilijos suktinis su svogūnu pagardintais ryžiais, konservuotomis pupelėmis, kukurūzais, Pico de gallo salsa, BBQ padažu ir plėšyta kiauliena",
            "price": "€9.00"
          },
          {
            "name": "Burrito su jautiena",
            "desc": "Kvietinės tortilijos suktinis su svogūnu pagardintais ryžiais, konservuotomis pupelėmis, kukurūzais, Pico de gallo salsa, BBQ padažu ir smulkinta jautiena",
            "price": "€9.00"
          },
          {
            "name": "Burrito su portobello",
            "desc": "Kvietinės tortilijos suktinis su svogūnu pagardintais ryžiais, konservuotomis pupelėmis, kukurūzais, Pico de gallo salsa, BBQ padažu ir portobello grybais",
            "price": "€9.00"
          },
          {
            "name": "Pusryčių burrito",
            "desc": "Kvietinės tortilijos suktinis su konservuotomis pupelėmis, Pico del gallo salsa, plaktais kiaušiniais bei skrudinta šonine",
            "price": "€9.00"
          }
        ]
      },
      {
        "category": "Quesadillas",
        "items": [
          {
            "name": "Quesadilla su vištiena",
            "desc": "Kvietinės tortilijos lapas, kepamas su Mozarella sūriu, konservuotomis pupelėmis ir kapota vištiena. Patiekiama su Chipotle padažu",
            "price": "€8.50"
          },
          {
            "name": "Quesadilla su kiauliena",
            "desc": "Kvietinės tortilijos lapas, kepamas su Mozarella sūriu, konservuotomis pupelėmis ir plėšyta kiauliena. Patiekiama su Chipotle padažu",
            "price": "€8.50"
          },
          {
            "name": "Quesadilla su jautiena",
            "desc": "Kvietinės tortilijos lapas, kepamas su Mozarella sūriu, konservuotomis pupelėmis ir smulkinta jautiena. Patiekiama su Chipotle padažu",
            "price": "€8.50"
          },
          {
            "name": "Quesadilla su portobello",
            "desc": "Kvietinės tortilijos lapas, kepamas su Mozarella sūriu, konservuotomis pupelėmis ir portobello grybais. Patiekiama su Chipotle padažu",
            "price": "€8.50"
          }
        ]
      },
      {
        "category": "Tacos",
        "items": [
          {
            "name": "Pusryčių taco",
            "desc": "Kvietinės tortilijos lapelis, užkeptas Cheddar sūriu, pagardintas namine Pico de gallo salsa, Chipotle padažu, kapotais svogūnų laiškais, šonine ir plėšyta kiaušiniene",
            "price": "€4.50"
          },
          {
            "name": "Taco su vištiena",
            "desc": "Kvietinės tortilijos lapelis, užkeptas Cheddar sūriu, pagardintas namine Pico de gallo salsa, Chipotle padažu, kapotais svogūnų laiškais ir kapota vištiena",
            "price": "€3.90"
          },
          {
            "name": "Taco su jautiena",
            "desc": "Kvietinės tortilijos lapelis, užkeptas Cheddar sūriu, pagardintas namine Pico de gallo salsa, Chipotle padažu, kapotais svogūnų laiškais ir smulkinta jautiena",
            "price": "€3.90"
          },
          {
            "name": "AŠTRIAI AŠTRU extra hot taco su jautiena 🌶🌶🌶",
            "desc": "Kvietinės tortilijos lapelis užkeptas Cheddar sūriu, pagardintas namine Pico de gallo salsa, Chipotle padažu, kapotais svogūnų laiškais, smulkinta jautiena, nachos traškučių trupiniais ir \"Aštriai Aštru\" padažu.",
            "price": "€4.50"
          },
          {
            "name": "Taco su plėšyta kiauliena",
            "desc": "Kvietinės tortilijos lapelis, užkeptas Cheddar sūriu, pagardintas namine Pico de gallo salsa, Chipotle padažu, kapotais svogūnų laiškais ir plėšyta kiauliena",
            "price": "€3.90"
          },
          {
            "name": "Taco su portobello",
            "desc": "Kvietinės tortilijos lapelis, užkeptas Cheddar sūriu, pagardintas namine Pico de gallo salsa, Chipotle padažu, kapotais svogūnų laiškais ir portobello grybais",
            "price": "€3.90"
          }
        ]
      },
      {
        "category": "Nachos",
        "items": [
          {
            "name": "Nachos su portobello 🌶",
            "desc": "Užkepti meksikietiški kukurūzų traškučiai su aitriosiomis Chalapos paprikomis, Cheddar sūrio padažu, Cheddar sūriu, konservuotomis pupelėmis ir portobello grybais. Pagardinta Pico de gallo salsa ir šaukštu grietinės",
            "price": "€9.50"
          },
          {
            "name": "Nachos su vištiena 🌶",
            "desc": "Užkepti meksikietiški kukurūzų traškučiai su aitriosiomis Chalapos paprikomis, Cheddar sūrio padažu, Cheddar sūriu, konservuotomis pupelėmis ir kapota vištiena. Pagardinta Pico de gallo salsa ir šaukštu grietinės",
            "price": "€9.50"
          },
          {
            "name": "Nachos su jautiena 🌶",
            "desc": "Užkepti meksikietiški kukurūzų traškučiai su aitriosiomis Chalapos paprikomis, Cheddar sūrio padažu, Cheddar sūriu, konservuotomis pupelėmis ir smulkinta jautiena. Pagardinta Pico de gallo salsa ir šaukštu grietinės",
            "price": "€9.50"
          },
          {
            "name": "Nachos su kiauliena 🌶",
            "desc": "Užkepti meksikietiški kukurūzų traškučiai su aitriosiomis Chalapos paprikomis, Cheddar sūrio padažu, Cheddar sūriu, konservuotomis pupelėmis ir plėšyta kiauliena. Pagardinta Pico de gallo salsa ir šaukštu grietinės",
            "price": "€9.50"
          }
        ]
      },
      {
        "category": "Tex-Mex bulvytės",
        "items": [
          {
            "name": "Tex-Mex bulvytės su plėšyta kiauliena 🌶🌶",
            "desc": "Orkaitėje užkeptos bulvių skiltelės, pagardintos aitriosiomis Chalapos paprikomis, Mozarella sūriu, šviežių salotų kapotiniu, Chipotle padažu ir plėšyta kiauliena",
            "price": "€9.50"
          },
          {
            "name": "Tex-Mex bulvytės su vištiena 🌶🌶",
            "desc": "Orkaitėje užkeptos bulvių skiltelės, pagardintos aitriosiomis Chalapos paprikomis, Mozarella sūriu, šviežių salotų kapotiniu, Chipotle padažu ir kapota vištiena",
            "price": "€9.50"
          },
          {
            "name": "Tex-Mex bulvytės su jautiena 🌶🌶",
            "desc": "Orkaitėje užkeptos bulvių skiltelės, pagardintos aitriosiomis Chalapos paprikomis, Mozarella sūriu, šviežių salotų kapotiniu, Chipotle padažu ir smulkinta jautiena",
            "price": "€9.50"
          },
          {
            "name": "Tex-Mex buvytės su portobello grybais 🌶🌶",
            "desc": "Orkaitėje užkeptos bulvių skiltelės, pagardintos aitriosiomis Chalapos paprikomis, Mozarella sūriu, šviežių salotų kapotiniu, Chipotle padažu ir portobello grybais",
            "price": "€9.50"
          }
        ]
      },
      {
        "category": "Sriubos",
        "items": [
          {
            "name": "Čili",
            "desc": "Aštrus, tirštas smulkintos jautienos troškinys su pomidorais, paprikomis ir pupelėmis. Pagardinta Cheddar sūriu, patiekiama su grietine ir meksikietiškais kukurūzų traškučiais.",
            "price": "€7.00"
          }
        ]
      },
      {
        "category": "Padažai",
        "items": [
          {
            "name": "Chipotle-majonezo padažas",
            "desc": "",
            "price": "€1.00"
          },
          {
            "name": "Grietinės padažas",
            "desc": "",
            "price": "€1.00"
          },
          {
            "name": "BBQ padažas",
            "desc": "",
            "price": "€1.00"
          }
        ]
      },
      {
        "category": "Gaivieji gėrimai",
        "items": [
          {
            "name": "Nealkoholinis alus Heineken 0,33 l",
            "desc": "",
            "price": "€4.00"
          },
          {
            "name": "Sultys Granini obuolių 0,25 l",
            "desc": "",
            "price": "€3.00"
          },
          {
            "name": "Sultys Granini apelsinų 0,25 l",
            "desc": "",
            "price": "€3.00"
          },
          {
            "name": "Pepsi 0,2 l",
            "desc": "",
            "price": "€2.00"
          },
          {
            "name": "Norte gazuotas vanduo 0,33 l",
            "desc": "",
            "price": "€2.00"
          },
          {
            "name": "Kombucha Kaip Kam 0,33 l",
            "desc": "",
            "price": "€4.00"
          },
          {
            "name": "Vilkmergės gira 0,41 l",
            "desc": "",
            "price": "€3.00"
          }
        ]
      }
    ]
  },
  {
    "address": "Vilniaus g. 33",
    "location": [
      25.279102096768266,
      54.683379388892156
    ],
    "name": "Mililitrai",
    "rating": {
      "rating": 4,
      "score": 9.2
    },
    "short_description": "Japoniška virtuvė su mažom didelių istorijų pradžiom",
    "id": "mililitrai",
    "tags": [
      "japoniška",
      "sušiai",
      "azijietiška"
    ],
    "distance": "0.7 km",
    "duration": 9,
    "menu": [
      {
        "category": "Wolt Specials",
        "items": [
          {
            "name": "Rinkinys nr. 1 (20 vnt.)",
            "desc": "Warm cream cheese, mililitrai special, california shrimp, nigiri tuna 2 vnt., wakame",
            "price": "€38.00\n47.00"
          },
          {
            "name": "Rinkinys nr. 2 (40 vnt.)",
            "desc": "Warm cream cheese, mililitrai special, california shrimp, crispy salmon, soft - shell crab futomaki, spicy hamachi maki, nigiri salmon 2 vnt., nigiri tuna 2 vnt.",
            "price": "€67.50\n83.50"
          },
          {
            "name": "Rinkinys nr. 3 (61 vnt.)",
            "desc": "Warm cream cheese, mililitrai special, california shrimp, crispy salmon, soft - shell crab futomaki, unagi, spicy hamachi maki, avocado&prawn special, sashimi mix, salmon nigiri 2 vnt., tuna nigiri 2 vnt.",
            "price": "€103.50\n128.50"
          }
        ]
      },
      {
        "category": "Užkandžiai",
        "items": [
          {
            "name": "Tuna Tartar",
            "desc": "Kapotas tunas, avokadas, ryžiai, čili pipirai, kalendra, svogūnai, tobiko ikrai, jalapeno padažas, wonton traškutis",
            "price": "€16.80"
          },
          {
            "name": "Salmon Tartare",
            "desc": "Lašiša, čili pipirai, kalendra, svogūnai, ponzu, ryžiai, aji amarillo geltonieji čili pipirai, “tigro pienas”, ryžių traškutis",
            "price": "€15.30"
          },
          {
            "name": "Tempura shrimp lollipops",
            "desc": "Tempuroje keptos krevetės, avokadas, aitrus padažas, česnako laiškai, čili siūlai",
            "price": "€13.80"
          },
          {
            "name": "Tuna tostada 2vnt.",
            "desc": "Wonton traškutis, tunas, ponzu kremas, trumų aliejus, maldon druska",
            "price": "€8.80"
          },
          {
            "name": "Ebi Tempura",
            "desc": "Tempūroje keptos krevetės",
            "price": "€12.30"
          },
          {
            "name": "Kinoko Tempura",
            "desc": "Tempūroje kepti grybai, trumų majonezas",
            "price": "€9.30"
          },
          {
            "name": "Tuna truffle crudo",
            "desc": "Bluefin tuno akame, trumų soja, trumų majonezas, mikrožalumynai, daikono ridikas, traškučiai",
            "price": "€18.80"
          },
          {
            "name": "Butterfish tataki",
            "desc": "Deginta sviestažuvė, yuzu marinuoti svogūnai, shiso pesto, wasabi riešutai, mikrožalumynai",
            "price": "€14.30"
          },
          {
            "name": "Salted edamame",
            "desc": "Sojų pupelės su druska",
            "price": "€7.80"
          },
          {
            "name": "Spicy edamame",
            "desc": "Sojų pupelės su aštriu čili-česnakų padažu",
            "price": "€7.80"
          },
          {
            "name": "Wakame Salad",
            "desc": "Jūros dumbliai, sezamas, sezamų aliejus",
            "price": "€6.30"
          },
          {
            "name": "Gyoza su vištiena",
            "desc": "",
            "price": "€9.30"
          },
          {
            "name": "Gyoza su daržovėmis",
            "desc": "",
            "price": "€9.30"
          },
          {
            "name": "Avocado lover",
            "desc": "Prinokęs avokadas, mikrožalumynai, ryžių spragėsiai, maldon druska, yuzu-sojos padažas",
            "price": "€8.30"
          }
        ]
      },
      {
        "category": "Sriubos",
        "items": [
          {
            "name": "Miso",
            "desc": "Miso sultinys, nameko grybai, jūros dumbliai, tofu , svogūnų laiškai, sezamų aliejus",
            "price": "€7.30"
          },
          {
            "name": "Miso su lašiša",
            "desc": "Lengvai aitrus miso sultinys, lašiša, nameko grybai, jūros dumbliai, tofu , svogūnų laiškai, sezamų aliejus",
            "price": "€9.30"
          }
        ]
      },
      {
        "category": "Maki",
        "items": [
          {
            "name": "Salmon & prawn",
            "desc": "Deginta lašiša, tempuroje keptos krevetės, avokadas, aitrus majonezas, yuzu majonezas, mikrožalumynai, tempuros traškučiai",
            "price": "€15.80"
          },
          {
            "name": "Tempura special",
            "desc": "Kapota lengvai aitri lašiša, agurkas, avokadas, upėtakio ikrai, scichimi prieskoniai, mikrožalumynai",
            "price": "€15.80"
          },
          {
            "name": "Mililitrai special",
            "desc": "Jūros šukutės, avokadas, tempuros traškučiai, japoniškas majonezas, yuzu, masago ikrai, ponzu - trumų padažas",
            "price": "€16.30"
          },
          {
            "name": "Warm cream cheese",
            "desc": "Lašiša, avokadas, užkeptas grietinėlės sūris, teryiaki padažas, schichimi prieskoniai",
            "price": "€13.30"
          },
          {
            "name": "Crispy salmon",
            "desc": "Deginta lašiša, batatų traškučiai, agurkas, avokadas, marinuotas moliūgas, upėtakio ikrai, yuzu - miso padažas, japoniškas majonezas",
            "price": "€13.30"
          },
          {
            "name": "Yuzu butterfish",
            "desc": "Sviestažuvė, agurkas, avokadas, tempuros traškučiai, shiso pesto, wasabi riešutai, yuzu marinuoti svogūnai",
            "price": "€14.30"
          },
          {
            "name": "Avocado & prawn special",
            "desc": "Tempuroje keptos krevetės, agurkas, avokadas, aitrus padažas, teryiaki padažas, tempuros traškučiai",
            "price": "€14.80"
          },
          {
            "name": "Bluefin and prawn special",
            "desc": "Kapotas mėlynpelekis tunas, tempuroje keptos krevetės, agurkas, aitrus majonezas, česnakų laiškai",
            "price": "€18.80"
          },
          {
            "name": "Philly",
            "desc": "Lašiša, philadelphia sūris, svogūnų laiškai, trumų- teryiaki padažas, upėtakio ikrai",
            "price": "€12.80"
          },
          {
            "name": "Unagi and cheese",
            "desc": "Ungurys, užkeptas grietinėlės sūris, agurkas, avokadas, shiso lapai, kimchi sezamas, svogūnų laiškai",
            "price": "€17.30"
          },
          {
            "name": "Bluefin maki",
            "desc": "Mėlynpelekis tunas, erškėto ikrai, avokadas, marinuotas daikonas, trumų soja",
            "price": "€18.80"
          },
          {
            "name": "Bohemian crab",
            "desc": "Minkštakiautis krabas tempuroje, deginta sviestažuvė, avokadas, sriracha - majonezas, yuzu svogūnai, yuzu skraiduolės ikrai, sojos popierius, mikrožalumynai",
            "price": "€17.80"
          },
          {
            "name": "California spicy tuna",
            "desc": "Tunas, avokadas, schimishimi prieskoniai, kimchi sezamas, yuzu majonezas",
            "price": "€14.30"
          },
          {
            "name": "Veggieland",
            "desc": "Avokadas, saulėje džiovinti pomidorai, shiitake ir shimeji grybai kepti tempuroje, yuzu majonezas, yuzu žievelė, sojos popierius",
            "price": "€11.80"
          }
        ]
      },
      {
        "category": "Nigiri 2vnt.",
        "items": [
          {
            "name": "Nigiri Aburi Salmon",
            "desc": "Skrudinta lašišos papilvė, juodieji pipirai, marinuotas wasabi",
            "price": "€9.80"
          },
          {
            "name": "Nigiri Salmon",
            "desc": "Lašiša, upėtakio ikrai",
            "price": "€8.30"
          },
          {
            "name": "Nigiri butterfish",
            "desc": "Deginta sviestažuvė",
            "price": "€9.30"
          },
          {
            "name": "Nigiri Tuna",
            "desc": "Tunas, marinuotas vasabis, laiškinis česnakas",
            "price": "€9.30"
          },
          {
            "name": "Nigiri bluefin tuna",
            "desc": "Mėlynpelekis tunas, juodieji ikrai, trumų soja",
            "price": "€11.80"
          },
          {
            "name": "Nigiri Unagi",
            "desc": "Keptas ungurys, ungurio padažas, sancho pipirai",
            "price": "€9.90"
          },
          {
            "name": "Nigiri Scallop",
            "desc": "Jūros šukutės, aštri yuzu žievelė",
            "price": "€9.80"
          }
        ]
      },
      {
        "category": "Sashimi",
        "items": [
          {
            "name": "Sashimi Salmon",
            "desc": "Lašiša",
            "price": "€10.30"
          },
          {
            "name": "Sashimi Tuna",
            "desc": "Tunas",
            "price": "€11.80"
          },
          {
            "name": "Sashimi bluefin tuna",
            "desc": "Mėlynpelekis tunas",
            "price": "€13.30"
          }
        ]
      },
      {
        "category": "Rinkiniai",
        "items": [
          {
            "name": "Rinkinys nr. 1 (26 vnt.)",
            "desc": "Warm cream cheese , mililitrai special, california shrimp, nigiri tuna 2 vnt., wakame",
            "price": "€57.00"
          },
          {
            "name": "Rinkinys nr. 2 (50 vnt.)",
            "desc": "Warm cream cheese, mililitrai special, california shrimp, crispy salmon, soft - shell crab futomaki, tuna kimchi, nigiri salmon 2 vnt., nigiri tuna 2 vnt.",
            "price": "€93.50"
          },
          {
            "name": "Rinkinys nr. 3 (66 vnt.)",
            "desc": "Warm cream cheese, mililitrai special, california shrimp, crispy salmon, soft - shell crab futomaki, unagi, tuna kimchi, avocado&prawn special, sashimi mix, salmon nigiri 2 vnt., tuna nigiri 2 vnt.",
            "price": "€138.50"
          }
        ]
      },
      {
        "category": "Gaivieji gėrimai",
        "items": [
          {
            "name": "Pepsi 0,2 l",
            "desc": "",
            "price": "€3.50\nExcl. €0.10 deposit"
          },
          {
            "name": "Pepsi Max 0,2 l",
            "desc": "",
            "price": "€3.50"
          },
          {
            "name": "7 Up 0,2 l",
            "desc": "",
            "price": "€3.50"
          },
          {
            "name": "Mirinda 0,2 l",
            "desc": "",
            "price": "€3.50"
          }
        ]
      }
    ]
  },
  {
    "address": "  J. Basanavičius g. 9A",
    "location": [
      25.275308659067775,
      54.68030218851416
    ],
    "name": "Tachi Machi",
    "short_description": "Siūlome Okonomiyaki ir tikrus japoniškus namų gamybos patiekalus",
    "id": "tachi-machi",
    "tags": [
      "azijietiška",
      "japoniška"
    ],
    "distance": "11 m",
    "duration": 1,
    "menu": [
      {
        "category": "Pietų meniu",
        "items": [
          {
            "name": "Yakisoba Noodles pietų pasiūlymas",
            "desc": "Su miso sriuba ir salotomis",
            "price": "€13.35"
          },
          {
            "name": "Okonomiyaki pietų pasiūlymas",
            "desc": "Su miso sriuba ir salotomis",
            "price": "€13.35"
          },
          {
            "name": "Mitarashi Dumpling",
            "desc": "Lipnių ryžių rutuliukai su saldžiu sojos padažu",
            "price": "€6.35"
          },
          {
            "name": "Milk Kanten Jelly",
            "desc": "Pieniška agaro želė su mandarinais ir vyšniomis, patiekiama su šviesaus rudojo cukraus sirupu",
            "price": "€6.35"
          }
        ]
      },
      {
        "category": "Okonomiyaki",
        "items": [
          {
            "name": "Okonomiyaki su kiauliena",
            "desc": "",
            "price": "€13.35"
          },
          {
            "name": "Okonomiyaki su daržovėmis",
            "desc": "",
            "price": "€13.35"
          },
          {
            "name": "Okonomiyaki su jūros gėrybėmis",
            "desc": "",
            "price": "€15.35"
          }
        ]
      },
      {
        "category": "Yakisoba",
        "items": [
          {
            "name": "Omusoba",
            "desc": "Su kiaušiniu ir kiauliena, gardinta tradiciniu padažu ir imbieru",
            "price": "€15.35"
          },
          {
            "name": "Yakisoba su jūros gėrybėmis",
            "desc": "Gardinta tradiciniu padažu ir imbieru",
            "price": "€15.35"
          },
          {
            "name": "Yakisoba su kiauliena",
            "desc": "Gardinta tradiciniu padažu ir imbieru",
            "price": "€13.35"
          },
          {
            "name": "Yakisoba su daržovėmis",
            "desc": "Gardinta tradiciniu padažu ir imbieru",
            "price": "€13.35"
          },
          {
            "name": "Yakisoba su svogūnų laiškais ir kiauliena",
            "desc": "Gardinta česnaku ir druska",
            "price": "€15.35"
          },
          {
            "name": "Yakisoba su kimchi ir kiauliena",
            "desc": "Gardinta kimchi padažu",
            "price": "€16.35"
          },
          {
            "name": "Yakisoba su azijietiškomis jūros gėrybėmis",
            "desc": "Gardinta žuvų padažu",
            "price": "€15.35"
          }
        ]
      },
      {
        "category": "Užkandžiai",
        "items": [
          {
            "name": "Aštrios Edamame pupelės 🌶️",
            "desc": "Keptos aštrios Edamame pupelės pagardintos česnaku ir čili",
            "price": "€7.35"
          },
          {
            "name": "Karaage",
            "desc": "Gruzdinta vištiena, su sojos padažo pagrindu",
            "price": "€10.35"
          },
          {
            "name": "Renkon Isobe Chips",
            "desc": "Kepta lotoso šaknis su jūros dumbliais",
            "price": "€8.35"
          },
          {
            "name": "Avocado Tempura",
            "desc": "Gruzdintas avokadas gardintas jūros druska ir vasabi sojos padažu",
            "price": "€9.35"
          },
          {
            "name": "Tofu salotos",
            "desc": "Tofu, salotos, žemės riešutai, sojos padažas su česnaku",
            "price": "€10.35"
          },
          {
            "name": "Pork Yaki Shyabu",
            "desc": "Garuose ruošta kiauliena, grybai, pupelių daigai, patiekiama su dvejais padažais",
            "price": "€10.35"
          },
          {
            "name": "Keptos krevetės su brokoliais",
            "desc": "Krevetės, brokoliai, Eringi grybai, gardinta Shio-koji (sūdytas ryžių salyklas)",
            "price": "€10.35"
          },
          {
            "name": "Teriyaki Shiitake krepšeliai",
            "desc": "Kepti Shiitake grybai įdaryti smulkinta kiauliena, patiekiami su teriyaki padažu",
            "price": "€13.35"
          },
          {
            "name": "Folijoje kepta lašiša",
            "desc": "Lašiša, daržovės, Japoniški grybai",
            "price": "€14.35"
          }
        ]
      },
      {
        "category": "Desertai",
        "items": [
          {
            "name": "Mitarashi Dumpling",
            "desc": "Lipnių ryžių rutuliukai su saldžiu sojos padažu",
            "price": "€6.35"
          },
          {
            "name": "Anmitsu",
            "desc": "Agaro želė su vaisiais ir saldžia raudonųjų pupelių pasta, patiekiama su rudojo cukraus sirupu",
            "price": "€7.35"
          },
          {
            "name": "Milk Kanten želė",
            "desc": "Pieniška agaro želė su mandarinais ir vyšniomis, patiekiama su šviesaus rudojo cukraus sirupu",
            "price": "€6.35"
          },
          {
            "name": "Ledai su Kuromitsu",
            "desc": "Vaniliniai ledai su tamsaus rudojo cukraus sirupu",
            "price": "€5.35"
          }
        ]
      }
    ]
  },
  {
    "address": "Trakų g. 2-2",
    "location": [
      25.2782884126392,
      54.6799387041183
    ],
    "name": "OIŠY Izakaya",
    "rating": {
      "rating": 3,
      "score": 8.6
    },
    "short_description": "Lietuviška japoniško おいしい išraiška || Šis restoranas priklauso ir jį valdo UAB Izakaja, kuris yra atsakinga už parduodamas prekes. Visą informaciją apie parduodamus produktus pateikia pardavėjas",
    "id": "oisy-izakaya",
    "tags": [
      "donburiai",
      "japoniška",
      "bento"
    ],
    "distance": "0.2 km",
    "duration": 3,
    "menu": [
      {
        "category": "Įrankiai",
        "items": [
          {
            "name": "Pagaliukai",
            "desc": "",
            "price": "€0.15"
          }
        ]
      },
      {
        "category": "Pasiūlymai",
        "items": [
          {
            "name": "Ryžiai arba soba su kimči padažo vištienos petukais ir daržovėmis",
            "desc": "Vištienos petukai kimči padaže agurkai su ryžiais arba soba (grikių) makaronais ir jūsų pasirinktomis daržovėmis.",
            "price": "€12.15"
          },
          {
            "name": "Ryžiai arba soba su apkeptu baklažanu ir daržovėmis",
            "desc": "Apkeptas baklažanas 'Ankake' su ryžiais arba soba (grikių) makaronais ir jūsų pasirinktomis daržovėmis,",
            "price": "€12.15"
          },
          {
            "name": "Gruzdintas omletas, padron paprikos ir edamame su ryžiais",
            "desc": "Padron žaliosios paprikos yakitori Gruzdintas omletas yakitori Edamame sojos pupelės Ryžiai su furikake pabarstukais",
            "price": "€9.00"
          },
          {
            "name": "Aštuonkojis, kepintas baklažanas ir edamame su ryžiais",
            "desc": "Aštuonkojis su sojos glazūra Apkepintas Ankake baklažanas Edamame sojos pupelės Ryžiai su furikake pabarstukais",
            "price": "€14.00"
          }
        ]
      },
      {
        "category": "Takoyaki rutuliukai",
        "items": [
          {
            "name": "Takoyaki su aštuonkojais (6vnt)",
            "desc": "",
            "price": "€11.90"
          },
          {
            "name": "Takoyaki su krevetėmis (6vnt)",
            "desc": "",
            "price": "€11.90"
          },
          {
            "name": "Takoyaki su šitake grybais (6vnt)",
            "desc": "",
            "price": "€11.90"
          },
          {
            "name": "Takoyaki su varškės sūriu ir saulėgrąžomis (6vnt)",
            "desc": "",
            "price": "€11.90"
          }
        ]
      },
      {
        "category": "Dienos pietūs",
        "items": [
          {
            "name": "Ryžiai arba soba su kimči padažo vištienos petukais ir daržovėmis",
            "desc": "Vištienos petukai kimči padaže agurkai su jūros dumbliais, takuan ridikas ir raudonasis kopūstas su džiovintomis spanguolėmis su ryžiais arba soba (grikių) makaronais.",
            "price": "€7.00"
          },
          {
            "name": "Ryžiai arba soba su traškia vištiena karaage ir daržovėmis",
            "desc": "Traški vištiena 'Aonori Karaage', raudonasis kopūstas, takuan geltonasis ridikas ir agurkai su jūros dumbliais su ryžiais arba soba (grikių) makaronais.",
            "price": "€7.00"
          },
          {
            "name": "Ryžiai arba soba su krevetėmis raudono miso padaže ir daržovėmis",
            "desc": "Krevetės raudonojo miso padaže, Oišy kimči, takuan geltonasis ridikas ir agurkai su jūros dumbliais ryžiais arba soba (grikių) makaronais.",
            "price": "€7.00"
          },
          {
            "name": "Ryžiai arba soba su apkeptu baklažanu ir daržovėmis",
            "desc": "Apkeptas baklažanas 'Ankake', raudonasis kopūstas su džiovintomis spanguolėmis, takuan geltonasis ridikas ir agurkai su jūros dumbliais, su ryžiais arba soba (grikių) makaronais",
            "price": "€7.00"
          }
        ]
      },
      {
        "category": "Yakitori iešmeliai",
        "items": [
          {
            "name": "Krevetės",
            "desc": "su raudonojo miso tare",
            "price": "€4.20"
          },
          {
            "name": "Jautienos liežuvis",
            "desc": "su šijo tare ir citrusiniu yuzu majonezu",
            "price": "€3.80"
          },
          {
            "name": "Vištienos blauzdelės",
            "desc": "su sojos tare",
            "price": "€3.60"
          },
          {
            "name": "Padron žaliosios paprikos",
            "desc": "su šijo tare",
            "price": "€2.60"
          },
          {
            "name": "Šoninė",
            "desc": "su sojos tare",
            "price": "€3.60"
          }
        ]
      },
      {
        "category": "Otsumami užkandukai",
        "items": [
          {
            "name": "Vištienos petukai",
            "desc": "Kimči miso padaže",
            "price": "€5.25"
          },
          {
            "name": "Ankake baklažanas",
            "desc": "Apkeptas, švelnaus umami skonio, lipnios tekstūros baklažanas",
            "price": "€4.75"
          },
          {
            "name": "Aštuonkojis su tare glazūra",
            "desc": "Aštuonkojis su tare glazūra",
            "price": "€8.25"
          },
          {
            "name": "Šonkauliukai (kiaulienos)",
            "desc": "su sojos tare",
            "price": "€6.25"
          },
          {
            "name": "Edamame",
            "desc": "Išvirtos ir pasūdytos žaliosios sojų pupelės.",
            "price": "€3.25"
          },
          {
            "name": "Ryžių dubenėlis",
            "desc": "Ryžių dubenėlis pabarstytas sezamo sėklomis",
            "price": "€2.65"
          },
          {
            "name": "Soba (grikių) makaronai",
            "desc": "Dubenėlis soba makaronų.",
            "price": "€2.65"
          }
        ]
      },
      {
        "category": "Tsukemono daržovės",
        "items": [
          {
            "name": "Oišy Kimchi",
            "desc": "Aštriai citrusinis kininių kopūstų, porų ir morkų miksas",
            "price": "€3.70"
          },
          {
            "name": "Šiitake grybai",
            "desc": "Sojos ir ryžių acto marinate, pagardinta porais",
            "price": "€2.90"
          },
          {
            "name": "Agurkas su jūros dumbliais",
            "desc": "Su specialia Oišy namų druska",
            "price": "€2.50"
          },
          {
            "name": "Takuan",
            "desc": "Marinuotas baltas ridikas",
            "price": "€2.50"
          },
          {
            "name": "Burokėliai",
            "desc": "Imbiero ir ryžių acto marinate",
            "price": "€2.50"
          },
          {
            "name": "Arbūzo žievelė",
            "desc": "Imbiero ir citrusų marinate",
            "price": "€2.50"
          }
        ]
      },
      {
        "category": "Alkoholiniai gėrimai",
        "items": [
          {
            "name": "Sapporo lager 4.7%, 330 ml",
            "desc": "Vartodami alkoholį, rizikuojate savo sveikata, šeimos ir visuomenės gerove",
            "price": "€4.50\n(4.7% vol)"
          },
          {
            "name": "Kuro aparatūra Penkenas IPA 5.7%, 330 ml",
            "desc": "Vartodami alkoholį, rizikuojate savo sveikata, šeimos ir visuomenės gerove",
            "price": "€4.50\n(5.7% vol)"
          },
          {
            "name": "Kuro aparatūra Burbulose rūgštusis elis 6.5%, 330 ml",
            "desc": "Vartodami alkoholį, rizikuojate savo sveikata, šeimos ir visuomenės gerove",
            "price": "€4.50\n(6.5% vol)"
          },
          {
            "name": "Kuro aparatūra Ainanasas rūgštusis elis 4.7%, 330 ml",
            "desc": "Vartodami alkoholį, rizikuojate savo sveikata, šeimos ir visuomenės gerove",
            "price": "€4.50\n(4.7% vol)"
          }
        ]
      },
      {
        "category": "Gėrimai",
        "items": [
          {
            "name": "Coca-cola 0,25 l",
            "desc": "",
            "price": "€2.20"
          },
          {
            "name": "Choya Umeshu limonadas 0.35L",
            "desc": "",
            "price": "€3.50"
          },
          {
            "name": "Rabarbaras Avietė gaivusis gėrimas",
            "desc": "",
            "price": "€3.50"
          }
        ]
      }
    ]
  },
  {
    "address": "Vingrių g. 17",
    "location": [
      25.2775879,
      54.6777676
    ],
    "name": "Two Chicks",
    "rating": {
      "rating": 3,
      "score": 9
    },
    "short_description": "Autentiška traški korėjietiška vištiena, šviežiai kepama kas dieną",
    "id": "two-chicks",
    "tags": [
      "BBQ",
      "vištiena",
      "korėjietiška"
    ],
    "distance": "0.3 km",
    "duration": 5,
    "menu": [
      {
        "category": "Wolt Specials",
        "items": [
          {
            "name": "Traškios Vištienos Krūtinėlės Juostelės",
            "desc": "Traškios vištienos juostelės korėjietiškai",
            "price": "€9.89\n12.27"
          },
          {
            "name": "Lengvai sūdyti agurkėliai su čili🌶",
            "desc": "",
            "price": "€3.49\n4.27"
          },
          {
            "name": "Marinuoti ridikėliai",
            "desc": "",
            "price": "€3.05\n3.72"
          },
          {
            "name": "Bulvių skiltelės",
            "desc": "",
            "price": "€3.94\n4.83"
          },
          {
            "name": "Sriracha-česnakų padažas🌶",
            "desc": "",
            "price": "€1.99\n2.49"
          },
          {
            "name": "Extra Gochujang padažas🌶",
            "desc": "",
            "price": "€3.10\n3.88"
          },
          {
            "name": "Gochujang Vištainis su Sūriu (BIIIG) 🌶",
            "desc": "Traški vištienos krutinėle korėjietiškame Gochujang padaže, su burnoje tirpstančiomis coleslaw salotomis, traškiais marinuotais agurkėliais, lydytu sūriu ir puria bandele",
            "price": "€12.29\n15.27"
          },
          {
            "name": "Ryžiai",
            "desc": "",
            "price": "€3.15\n3.84"
          },
          {
            "name": "Korejietiški Gruzdinti Kalafiorai",
            "desc": "",
            "price": "€9.09\n11.27"
          },
          {
            "name": "Extra Sezamų Sėklos",
            "desc": "",
            "price": "€0.39\n0.49"
          },
          {
            "name": "Traškūs sparneliai",
            "desc": "Traškūs vištienos sparneliai Korėjietiškai",
            "price": "€9.09\n11.27"
          },
          {
            "name": "Bowl'as su Gochujang Gruzdintais Kalafiorais🌶",
            "desc": "Švieži marinuoti kalfiorai, traškūs apkepti panko džiūvėsėliuose, Korėjietiškas gochujang padažas ryžiai, marinuotos daržovės, marinuoti aštrūs agurkai, marinuoti ridikėliai, wakame salotos, edamame pupelės, marinuotas imbieras, žuvų skraiduolių ikrai, kepintas sezamas, česnakinis paprikų mayo, unagi padažas, čili, kalendra.",
            "price": "€9.89\n12.27"
          }
        ]
      },
      {
        "category": "Korėjietiška Vištiena",
        "items": [
          {
            "name": "Traškūs sparneliai",
            "desc": "Traškūs vištienos sparneliai Korėjietiškai",
            "price": "€11.27"
          },
          {
            "name": "Traškios Vištienos Krūtinėlės Juostelės",
            "desc": "Traškios vištienos juostelės korėjietiškai",
            "price": "€12.27"
          },
          {
            "name": "Gochujang Vištainis su Sūriu (BIIIG) 🌶",
            "desc": "Traški vištienos krutinėle korėjietiškame Gochujang padaže, su burnoje tirpstančiomis coleslaw salotomis, traškiais marinuotais agurkėliais, lydytu sūriu ir puria bandele",
            "price": "€15.27"
          }
        ]
      },
      {
        "category": "Vegetariška",
        "items": [
          {
            "name": "Korejietiški Gruzdinti Kalafiorai",
            "desc": "",
            "price": "€11.27"
          },
          {
            "name": "Bowl'as su Gochujang Gruzdintais Kalafiorais🌶",
            "desc": "Švieži marinuoti kalfiorai, traškūs apkepti panko džiūvėsėliuose, Korėjietiškas gochujang padažas ryžiai, marinuotos daržovės, marinuoti aštrūs agurkai, marinuoti ridikėliai, wakame salotos, edamame pupelės, marinuotas imbieras, žuvų skraiduolių ikrai, kepintas sezamas, česnakinis paprikų mayo, unagi padažas, čili, kalendra.",
            "price": "€12.27"
          }
        ]
      },
      {
        "category": "Priedai",
        "items": [
          {
            "name": "Ryžiai",
            "desc": "",
            "price": "€3.84"
          },
          {
            "name": "Marinuoti ridikėliai",
            "desc": "",
            "price": "€3.72"
          },
          {
            "name": "Lengvai sūdyti agurkėliai su čili🌶",
            "desc": "",
            "price": "€4.27"
          },
          {
            "name": "Bulvių skiltelės",
            "desc": "",
            "price": "€4.83"
          },
          {
            "name": "Extra Sezamų Sėklos",
            "desc": "",
            "price": "€0.49"
          }
        ]
      },
      {
        "category": "Padažai",
        "items": [
          {
            "name": "Sriracha-česnakų padažas🌶",
            "desc": "",
            "price": "€2.49"
          },
          {
            "name": "Extra Gochujang padažas🌶",
            "desc": "",
            "price": "€3.88"
          }
        ]
      }
    ]
  },
  {
    "address": "Tai virtuali vieta",
    "location": [
      25.2775879,
      54.6777676
    ],
    "name": "Ma Bowls",
    "rating": {
      "rating": 4,
      "score": 9
    },
    "short_description": "Sveikuoliški ir skanūs Bowlai ",
    "id": "ma-bowls",
    "tags": [
      "dubuo",
      "sveika"
    ],
    "distance": "0.3 km",
    "duration": 5,
    "menu": [
      {
        "category": "Wolt Specials",
        "items": [
          {
            "name": "Ma Bowl su Keptomis Krevetėmis",
            "desc": "Krevetės keptos panko džiūvėsėliuose, ryžiai, marinuotos daržovės, marinuoti aštrūs agurkai, wakame salotos, edamame pupelės, marinuotas imbieras, žuvų skraiduolių ikrai, kepintas sezamas, česnakinis paprikų mayo, kalendra",
            "price": "€9.18\n11.38"
          },
          {
            "name": "Ma Bowl su Keptais Kalafiorais",
            "desc": "Marinuoti kalafiorai kepti panko džiūvėsėliuose, ryžiai, marinuotos daržovės, marinuoti aštrūs agurkai, marinuoti ridikėliai, wakame salotos, edamame pupelės, marinuotas imbieras, žuvų skraiduolių ikrai, kepintas sezamas, česnakinis paprikų mayo, unagi padažas, čili, kalendra",
            "price": "€9.18\n11.38"
          },
          {
            "name": "Wakame Salotos",
            "desc": "",
            "price": "€3.98\n4.88"
          },
          {
            "name": "Edamame Pupelės",
            "desc": "",
            "price": "€3.98\n4.88"
          },
          {
            "name": "Lengvai Sūdyti Agurkėliai su Čili",
            "desc": "",
            "price": "€3.58\n4.38"
          },
          {
            "name": "Traškūs Gruzdinti Gochujang Kalafiorai🌶",
            "desc": "Traškūs vištienos kumpeliai korėjietiškame Gochujang padaže",
            "price": "€6.78\n8.38"
          },
          {
            "name": "Extra sezamų sėklos",
            "desc": "",
            "price": "€0.39\n0.49"
          }
        ]
      },
      {
        "category": "Bowls",
        "items": [
          {
            "name": "Ma Bowl su Keptomis Krevetėmis",
            "desc": "Krevetės keptos panko džiūvėsėliuose, ryžiai, marinuotos daržovės, marinuoti aštrūs agurkai, wakame salotos, edamame pupelės, marinuotas imbieras, žuvų skraiduolių ikrai, kepintas sezamas, česnakinis paprikų mayo, kalendra",
            "price": "€11.38"
          },
          {
            "name": "Ma Bowl su Keptais Kalafiorais",
            "desc": "Marinuoti kalafiorai kepti panko džiūvėsėliuose, ryžiai, marinuotos daržovės, marinuoti aštrūs agurkai, marinuoti ridikėliai, wakame salotos, edamame pupelės, marinuotas imbieras, žuvų skraiduolių ikrai, kepintas sezamas, česnakinis paprikų mayo, unagi padažas, čili, kalendra",
            "price": "€11.38"
          }
        ]
      },
      {
        "category": "Extras",
        "items": [
          {
            "name": "Wakame Salotos",
            "desc": "",
            "price": "€4.88"
          },
          {
            "name": "Edamame Pupelės",
            "desc": "",
            "price": "€4.88"
          },
          {
            "name": "Lengvai Sūdyti Agurkėliai su Čili",
            "desc": "",
            "price": "€4.38"
          },
          {
            "name": "Traškūs Gruzdinti Gochujang Kalafiorai🌶",
            "desc": "Traškūs vištienos kumpeliai korėjietiškame Gochujang padaže",
            "price": "€8.38"
          },
          {
            "name": "Extra sezamų sėklos",
            "desc": "",
            "price": "€0.49"
          }
        ]
      }
    ]
  },
  {
    "address": "Islandijos g. 4",
    "location": [
      25.27781367301941,
      54.68422647040447
    ],
    "name": "KasKas",
    "rating": {
      "rating": 3,
      "score": 8.4
    },
    "short_description": "Mėsainiai, užkandžiai, salotos, pasta",
    "id": "kaskas",
    "tags": [
      "makaronai",
      "salotos",
      "užkandžiai"
    ],
    "distance": "0.8 km",
    "duration": 10,
    "menu": [
      {
        "category": "Karštieji patiekalai",
        "items": [
          {
            "name": "BBQ Kiaulienos šonkauliukai",
            "desc": "Coleslow salotos, gruzdintos bulvytės ir BBQ viskio padažas",
            "price": "€16.40"
          },
          {
            "name": "Įdaryta vištienos krūtinėlė",
            "desc": "Vištienos krūtinėlė įdaryta graikišku halloumi sūriu ir špinatais su kepintomis daržovėmis. Patiekiama su gruzdintomis batata bulvėmis ir grybų padažu",
            "price": "€12.90"
          },
          {
            "name": "Fish & Chips",
            "desc": "Menkė alaus tešloje su šviežiomis salotomis, gruzdintomis bulvytėmis, žirnelių ir česnakiniu padažais",
            "price": "€12.90"
          },
          {
            "name": "Lašišos kepsnys",
            "desc": "Su perliniu kuskusu, vyšniniais pomidoriukais, morkų piure",
            "price": "€16.40"
          }
        ]
      },
      {
        "category": "Užkandžiai",
        "items": [
          {
            "name": "BBQ Buffalo sparneliai",
            "desc": "Patiekiama su grilyje keptomis kukurūzų burbuolėmis",
            "price": "€8.90"
          },
          {
            "name": "Spring Rolls",
            "desc": "su vištiena, daržovėmis, austrių padažu",
            "price": "€11.90"
          },
          {
            "name": "Traškūs menkės kepsneliai",
            "desc": "Menkės gabaliukai alaus tešloje",
            "price": "€10.40"
          },
          {
            "name": "Saldžios bulvytės (batatai)",
            "desc": "patiekiama su BBQ padažu",
            "price": "€5.90"
          },
          {
            "name": "Du kartus skrudintos bulvytės",
            "desc": "Patiekiamos su BBQ padažu",
            "price": "€5.40"
          },
          {
            "name": "Lašišos Tar Tar",
            "desc": "Su saulėje džiovintais pomidorais, kaparėliais, svogūnais, ančiuvių padažu",
            "price": "€14.40"
          },
          {
            "name": "Spring rolls su vištiena ir daržovėmis",
            "desc": "Patiekiami su austrių padažu",
            "price": "€11.90"
          },
          {
            "name": "Marinuotos alyvuogės",
            "desc": "Su traškia Itališka duonele",
            "price": "€5.90"
          },
          {
            "name": "Naminės sūrio spurgytės",
            "desc": "",
            "price": "€7.90"
          },
          {
            "name": "Brusketos su saulėje džiovintais pomidorais ir Brie sūriu",
            "desc": "",
            "price": "€8.40"
          },
          {
            "name": "Brusketos su karamelizuotais svogūnais ir ožkos sūriu",
            "desc": "",
            "price": "€8.40"
          },
          {
            "name": "Brusketų rinkinys",
            "desc": "Su saulėje džiovintais pomidorais ir brie sūriu / Su karamelizuotais svogūnais ir ožkos sūriu",
            "price": "€13.40"
          },
          {
            "name": "Kesadilija su vištiena",
            "desc": "Pupelės, kukurūzai, paprika, sūris, salsa ir guacamole padažai",
            "price": "€12.90"
          }
        ]
      },
      {
        "category": "Makaronai",
        "items": [
          {
            "name": "Tagliatelle su vištiena ir grybais",
            "desc": "Tagliatelle su vištiena ir grybais grietinėlės padaže",
            "price": "€12.90"
          },
          {
            "name": "Tagliatelle su buffalo mocarela",
            "desc": "Tagliatelle su buffalo mocarela, saulėje džiovintais pomidorais, pesto padažu",
            "price": "€12.90"
          }
        ]
      },
      {
        "category": "Burgeriai",
        "items": [
          {
            "name": "Klasikinis jautienos",
            "desc": "Pomidorai, marinuoti agurkėliai, svogūnai, čederio sūris, traški šoninė, naminis čili džemas",
            "price": "€10.90"
          },
          {
            "name": "Jautienos ir pelėsinio sūrio",
            "desc": "Karamelizuoti svogūnai, pomidorai, čederio sūris, traški šoninė, naminis čili džemas",
            "price": "€10.90"
          },
          {
            "name": "VIŠTIENOS BURGERIS",
            "desc": "Marinuoti agurkėliai, raudonasis svogunas, svogūnėlių padažas",
            "price": "€10.90"
          }
        ]
      },
      {
        "category": "Salotos",
        "items": [
          {
            "name": "Cezario salotos su kepta vištiena",
            "desc": "Su naminiai džiūvėsėliai ir specialiu ančiuvių padažu",
            "price": "€11.40"
          },
          {
            "name": "Cezario salotos su tigrinėmis krevetėmis",
            "desc": "Su naminiai džiūvėsėliai ir specialiu ančiuvių padažu",
            "price": "€13.40"
          },
          {
            "name": "Salotos su burokėliais ir ožkos sūriu",
            "desc": "Salotų lapai, karamelizuoti burokėliai, ožkos sūris, vyšniniai pomidoriukai, migdolų drožlės, medaus-garstyčių padažas",
            "price": "€11.40"
          },
          {
            "name": "Gaivios salotos su krevetėmis",
            "desc": "Salotų lapai, ridikėliai, agurkai, karamelizuoti burokėliai, apelsinas",
            "price": "€12.40"
          },
          {
            "name": "Gaivios salotos su vištiena",
            "desc": "Salotų lapai, ridikėliai, agurkai, karamelizuoti burokėliai, apelsinas",
            "price": "€10.40"
          }
        ]
      },
      {
        "category": "Sriubos",
        "items": [
          {
            "name": "Chilli Con Carne sriuba",
            "desc": "Chilli Con Carne troškinys, pagardinta kietuoju sūriu",
            "price": "€9.40"
          }
        ]
      },
      {
        "category": "Gėrimai",
        "items": [
          {
            "name": "Pepsi 0,25 l",
            "desc": "",
            "price": "€2.50"
          },
          {
            "name": "7UP 0,25 l",
            "desc": "",
            "price": "€2.50"
          },
          {
            "name": "Mirinda 0,25 l",
            "desc": "",
            "price": "€2.50"
          },
          {
            "name": "Norte gazuotas vanduo 0,33 l",
            "desc": "",
            "price": "€2.50"
          },
          {
            "name": "Norte negazuotas vanduo 0,33 l",
            "desc": "",
            "price": "€2.50"
          },
          {
            "name": "Heineken nealkoholinis alus 0,33 l",
            "desc": "",
            "price": "€3.50"
          }
        ]
      }
    ]
  },
  {
    "address": "Vilniaus g. 39",
    "location": [
      25.2789906,
      54.6821916
    ],
    "name": "Mulo Desnudo",
    "short_description": "Meksikos skoniai",
    "id": "naked-mule",
    "tags": [
      "meksikietiška",
      "taco"
    ],
    "distance": "0.6 km",
    "duration": 8,
    "menu": [
      {
        "category": "Brunch",
        "items": [
          {
            "name": "Brunch’o taco (2 vnt.)",
            "desc": "Pasirinkta mėsa, apvirtas kiaušinis, pomidorų salsa, pupelės, kietasis sūris, kalendra, chipotle padažas ir laimo skiltelė",
            "price": "€8.90"
          }
        ]
      },
      {
        "category": "Sriubos",
        "items": [
          {
            "name": "Aitri jautienos sriuba🌶",
            "desc": "",
            "price": "€6.00"
          }
        ]
      },
      {
        "category": "Tacos",
        "items": [
          {
            "name": "Vištienos tacos (1 vnt.)",
            "desc": "Plešyta vištiena, baltas kopūstas, ananasų salsa, ridikėlis, kalendra Chorizo traškutis (side'as)",
            "price": "€3.90"
          },
          {
            "name": "Kiaulienos tacos (1 vnt.)",
            "desc": "Plešyta kiauliena, žolelių salsa, pomidorų salsa, marinuotas svogūnas, kalendra",
            "price": "€3.90"
          },
          {
            "name": "Jautienos tacos (1 vnt.)",
            "desc": "Plešyta jautiena, guacamole, marinuotas svogūnas, kalendra",
            "price": "€3.90"
          },
          {
            "name": "Portabello tacos (1 vnt.)",
            "desc": "Portabello, guacamole, pomidorų salsa, kalendra",
            "price": "€3.90"
          }
        ]
      },
      {
        "category": "Nacho",
        "items": [
          {
            "name": "Vištienos nachos",
            "desc": "Nachos traškučiai, plėšyta vištiena, ananasų salsa, guacamole, marinuotas svogūnas, kietasis sūris, jelapenai, kalendra, rožinė grietinė",
            "price": "€8.00"
          },
          {
            "name": "Kiaulienos nachos",
            "desc": "Nachos traškučiai, plėšyta kiauliena, guacamole, pomidorų salsa, kietasis sūris, jelapenai, marinuoti svogūnai kalendra, rožinė grietinė",
            "price": "€8.00"
          },
          {
            "name": "Jautienos nachos",
            "desc": "Nachos traškučiai, plėšyta jautiena, guacamole, pomidorų salsa, kietasis sūris, jelapenai, marinuoti svogūnai, kalendra, rožinė grietinė",
            "price": "€8.00"
          }
        ]
      },
      {
        "category": "Užkandžiai",
        "items": [
          {
            "name": "BBQ vištienos sparneliai",
            "desc": "Patiekiama su salsa Roja padažu",
            "price": "€5.50"
          },
          {
            "name": "Jelapenų sūrio spurgos",
            "desc": "Patiekiama su salsa Roja padažu",
            "price": "€6.90"
          }
        ]
      }
    ]
  },
  {
    "address": "Tai virtuali vieta",
    "location": [
      25.2790141,
      54.6834701
    ],
    "name": "Sushi Artisan",
    "rating": {
      "rating": 3,
      "score": 7
    },
    "short_description": "Aukščiausios kokybės suši ir japoniški užkandžiai bei sriubos, kurias gamina mūsų meistrai.",
    "id": "sushi-artisan",
    "tags": [
      "azijietiška",
      "sušiai",
      "japoniška"
    ],
    "distance": "0.7 km",
    "duration": 9,
    "menu": [
      {
        "category": "Wolt Specials",
        "items": [
          {
            "name": "Tempura Salmon (8 vnt.)",
            "desc": "Kapota lašiša, tempūros traškučiai, agurkas, aštrus padažas, sezamas",
            "price": "€9.34\n11.67"
          },
          {
            "name": "Salmon Hosomaki (8 vnt.)",
            "desc": "Lašiša",
            "price": "€7.93\n9.91"
          },
          {
            "name": "Cucumber Hosomaki (8 vnt.)",
            "desc": "Agurkas, sezamas",
            "price": "€4.85\n6.06"
          },
          {
            "name": "Aitri Miso su lašiša",
            "desc": "Miso sriubos sultinys su aitriais prieskoniais bei lašiša",
            "price": "€8.46\n10.57"
          }
        ]
      },
      {
        "category": "Sušiai",
        "items": [
          {
            "name": "Hot Tuna (8 vnt.)",
            "desc": "Tunas, avokadas, aštrus majonezas, tobiko ikrai, teriyaki padažas",
            "price": "€16.41"
          },
          {
            "name": "Hot Unagi (8 vnt.)",
            "desc": "Ungurys, avokadas, philadelphia kremas, sezamas, teriyaki padažas",
            "price": "€16.52"
          },
          {
            "name": "Tuna Hosomaki (8 vnt.)",
            "desc": "Tunas, svogūnų laiškai",
            "price": "€14.42"
          },
          {
            "name": "Salmon Hosomaki (8 vnt.)",
            "desc": "Lašiša",
            "price": "€9.91"
          },
          {
            "name": "Avocado Hosomaki (8 vnt.)",
            "desc": "Avokadas",
            "price": "€7.60"
          },
          {
            "name": "Cucumber Hosomaki (8 vnt.)",
            "desc": "Agurkas, sezamas",
            "price": "€6.06"
          },
          {
            "name": "Yasai Philadelphia (8 vnt.)",
            "desc": "Agurkas, avokadas, philadelphia kremas, sezamas",
            "price": "€9.69"
          },
          {
            "name": "Tempura Salmon (8 vnt.)",
            "desc": "Kapota lašiša, tempūros traškučiai, agurkas, aštrus padažas, sezamas",
            "price": "€11.67"
          },
          {
            "name": "Tempura Tuna (8 vnt.)",
            "desc": "Kapotas tunas, tempūros traškučiai, agurkas, aštrus padažas, sezamas",
            "price": "€16.41"
          },
          {
            "name": "Creamy Salmon (8 vnt.)",
            "desc": "Lašiša, philadelphia kremas, svogūnų laiškai, sezamas",
            "price": "€11.56"
          },
          {
            "name": "Rainbow Ebi (8 vnt.)",
            "desc": "Krevetės, philadelphia kremas, agurkas, tobiko ikrai",
            "price": "€13.10"
          },
          {
            "name": "Rainbow Salmon (8 vnt.)",
            "desc": "Lašiša, philadelphia kremas, agurkas, tobiko ikrai",
            "price": "€13.54"
          },
          {
            "name": "Salmon Teriyaki (8 vnt.)",
            "desc": "Lašiša, agurkas, avokadas, tempūros traškučiai, teriyaki padažas",
            "price": "€14.09"
          },
          {
            "name": "Philadelphia Teriyaki (8 vnt.)",
            "desc": "Skrudinta lašiša, agurkas, avokadas, philadelphia kremas, aštrus majonezas, teriyaki padažas, svogūnų laiškai",
            "price": "€15.42"
          },
          {
            "name": "Crispy Salmon (8 vnt.)",
            "desc": "Skrudinta lašiša, krevetės, agurkas,teriyaki padažas, aštrus padažas, svogūnų laiškai",
            "price": "€12.85"
          },
          {
            "name": "Ebi Avocado (8 vnt.)",
            "desc": "Tunas, krevetės, avokadas, teriyaki padažas, aštrus padažas, svogūnų laiškai",
            "price": "€16.41"
          },
          {
            "name": "Tuna Maki (8 vnt.)",
            "desc": "Tunas, laiškinis česnakas, avokadas, aštrus padažas",
            "price": "€12.44"
          },
          {
            "name": "Hot Salmon (8 vnt.)",
            "desc": "Lašiša, philadelphia kremas, agurkas, teriyaki padažas",
            "price": "€11.30"
          }
        ]
      },
      {
        "category": "Sušių Rinkiniai",
        "items": [
          {
            "name": "Šiaurė (64 vnt.)",
            "desc": "Salmon hosomaki, Ebi avocado, Tempura salmon, Tuna maki, Yasai Philadelphia, Hot unagi, Rainbow ebi, Philadelphia Teriyaki",
            "price": "€102.40"
          },
          {
            "name": "Vakarai (48 vnt.)",
            "desc": "Salmon hosomaki, Ebi avocado, Tempura salmon, Tuna maki, Yasai Philadelphia, Hot unagi",
            "price": "€86.55"
          },
          {
            "name": "Rytai (16 vnt.)",
            "desc": "Salmon hosomaki, Ebi avocado",
            "price": "€30.94"
          },
          {
            "name": "Pietūs (32 vnt.)",
            "desc": "Salmon hosomaki, Ebi avocado, Tempura salmon, Tuna maki",
            "price": "€57.70"
          }
        ]
      },
      {
        "category": "Užkandžiai",
        "items": [
          {
            "name": "Edamame pupelės",
            "desc": "Edamame pupelės, druska",
            "price": "€10.02"
          },
          {
            "name": "Koldūnai su vištiena",
            "desc": "Gyoza koldūnai su vištiena",
            "price": "€11.01"
          },
          {
            "name": "Koldūnai su daržovėmis",
            "desc": "Gyoza koldūnai su daržovėmis",
            "price": "€7.93"
          },
          {
            "name": "Wakame jūros dumbliai",
            "desc": "Wakame jūros žolė",
            "price": "€7.93"
          },
          {
            "name": "Traškios krevetės (5 vnt.)",
            "desc": "Krevetės keptos tempuros tešloje",
            "price": "€13.65"
          }
        ]
      },
      {
        "category": "Sriubos",
        "items": [
          {
            "name": "Miso",
            "desc": "Miso sriubos sultinys su shitake grybais",
            "price": "€7.93"
          },
          {
            "name": "Aitri Miso su lašiša",
            "desc": "Miso sriubos sultinys su aitriais prieskoniais bei lašiša",
            "price": "€10.57"
          }
        ]
      },
      {
        "category": "Sašimi",
        "items": [
          {
            "name": "Su tunu (80 g)",
            "desc": "Šviežias tunas",
            "price": "€13.65"
          },
          {
            "name": "Su lašiša (80 g)",
            "desc": "Šviežia lašiša",
            "price": "€11.89"
          }
        ]
      },
      {
        "category": "Nigiri",
        "items": [
          {
            "name": "Su tunu (2 vnt.)",
            "desc": "Šviežias tunas",
            "price": "€11.01"
          },
          {
            "name": "Su lašiša (2 vnt.)",
            "desc": "Šviežia lašiša",
            "price": "€9.25"
          }
        ]
      },
      {
        "category": "Gėrimai",
        "items": [
          {
            "name": "Pepsi (0,2 l)",
            "desc": "0,2 l",
            "price": "€3.30"
          },
          {
            "name": "Gubernijos gira (0,33 l)",
            "desc": "0,33 l",
            "price": "€3.30"
          },
          {
            "name": "Gubernijos gira (0,5 l)",
            "desc": "0,5 l",
            "price": "€5.29"
          },
          {
            "name": "Negazuotas vanduo Vittel (0,33 l)",
            "desc": "0,33 l",
            "price": "€4.40"
          },
          {
            "name": "Apelsinų Rauch Sultys (0,2 l)",
            "desc": "0,2 l",
            "price": "€3.41"
          },
          {
            "name": "7 Up (0,2 l)",
            "desc": "0,2 l",
            "price": "€3.30"
          },
          {
            "name": "Mirinda (0,2 l)",
            "desc": "0,2 l",
            "price": "€3.30"
          },
          {
            "name": "Obuolių Rauch Sultys (0,2 l)",
            "desc": "0,2 l",
            "price": "€3.41"
          },
          {
            "name": "Pomidorų Rauch Sultys (0,2 l)",
            "desc": "0,2 l",
            "price": "€3.41"
          },
          {
            "name": "Ananasų Rauch Sultys (0,2 l)",
            "desc": "0,2 l",
            "price": "€3.41"
          }
        ]
      }
    ]
  }
]
